3892 5182
87 457 225 560 stetenfis
247 452 292 529 In
316 448 518 529 Alamooia.
542 452 701 549 fiteatoo.
725 453 934 533 Barcosoeiri
965 452 1009 533 In
1039 454 1205 554 theologia
1229 456 1385 553 Jbrmati
1412 458 1456 534 In
1482 457 1576 558 ligra
1599 459 1620 561 (
1628 460 1702 561 fic)

88 554 246 635 hebraica
260 553 486 653 proficientem
508 549 580 726 gai
597 575 627 632 κ
644 555 699 650 ip'o
722 558 813 629 carri
837 563 883 630 ite
902 553 1068 656 Inpreffas
1087 562 1130 657 est
1149 580 1171 646 p
1201 556 1345 652 discreti
1371 581 1412 633 ac
1435 556 1606 656 Inrlaflrii
1627 564 1705 635 vitri

92 653 285 736 &madero
309 650 421 747 Fyoer
442 650 484 724 de
543 649 687 749 erhusto.
725 651 769 726 Io
830 653 981 752 selingeo
1004 647 1175 751 Imperirffi
1203 654 1299 728 oilla.
1335 679 1377 728 ac
1396 657 1506 752 rplct⁹
1530 654 1639 731 Anno
1660 655 1709 734 ab

88 753 295 832 Ircaeeracbe
320 751 380 823 tot
400 748 582 848 Millestmo
602 747 762 825 cccclxxv
780 750 948 925 dieAexta
969 748 1090 856 (Jnoij.
1142 752 1336 828 Accedunt
1363 751 1399 925 13
1419 756 1551 830 litteris
1573 755 1707 836 iisdem

87 850 270 948 impressa,
295 849 442 922 nomina
463 849 632 923 librorum
650 850 786 925 veteris
801 864 837 923 te
867 855 1022 936 amenti,
1049 854 1178 949 quibus
1202 864 1278 925 tarn
1297 873 1367 946 apu
1414 852 1570 943 latinos,
1594 878 1706 951 quam

65 952 267 1029 Hebraeos
289 945 539 1041 insigniuntur.
592 943 633 1043 2)
661 947 861 1043 Explicatio
885 949 1065 1044 alphabeti
1095 949 1267 1031 hebraici.
1332 949 1372 1049 3)
1398 952 1533 1026 Decem
1558 974 1717 1048 praece·¹

113 1065 152 1124 ta
178 1046 340 1140 decalogi
371 1044 695 1138 hebraicehlait‘inis
719 1046 852 1121 litteris
877 1047 1060 1144 impressa,
1087 1072 1171 1123 cum
1198 1043 1356 1121 versione
1385 1072 1510 1123 eorum
1532 1049 1644 1126 latina
1665 1064 1706 1129 et

43 1197 46 1200 >
84 1073 261 1225 lolutione
288 1142 513 1238 quarundam
541 1143 798 1220 obiectionu'm.
874 1143 936 1219 Ad
961 1145 1099 1220 calcem
1132 1147 1259 1219 harum
1290 1144 1519 1222 additionum
1547 1146 1704 1244 legitur:

84 1246 162 1323 Hos
186 1240 397 1317 oull'oritater
417 1235 544 1337 ptcxtis
562 1237 782 1340 serbimpimerc
810 1242 883 1354 iaffi
905 1241 1004 1338 quibo
1034 1245 1082 1317 oti
1108 1245 1234 1340 poteris.
1256 1244 1292 1315 io
1314 1243 1395 1316 socr'r
1409 1243 1492 1342 suis.
1544 1245 1595 1321 Et
1614 1249 1704 1324 nihil
1767 1333 1773 1347 .

86 1343 253 1438 amplius.
332 1340 387 1413 De
411 1352 582 1421 auctore,
610 1340 670 1434 qui
695 1341 731 1414 in
753 1341 943 1417 matricula
972 1339 1231 1417 Univerhtatis
1261 1340 1400 1416 nostrae
1431 1345 1479 1416 ad
1513 1344 1611 1417 diem
1646 1371 1703 1443 27.

86 1441 212 1527 Martii
239 1460 296 1513 an.
330 1437 534 1532 1473roter
560 1437 744 1533 inscriptos
772 1438 908 1532 legitur
944 1439 1004 1513 his
1035 1440 1174 1514 verbis:
1211 1435 1335 1512 Frater
1361 1451 1475 1533 petros
1498 1439 1642 1516 Scotortz
1662 1445 1705 1518 dc

88 1538 232 1616 Godana
257 1532 386 1609 ordinis
403 1532 650 1631 predicatorum
666 1533 766 1633 ficere
787 1535 946 1633 theologie
958 1536 1207 1610 Baccalaureor
1215 1536 1409 1627 formatus,
1437 1538 1533 1612 cons
1553 1539 1704 1642 Fceytag

82 1637 193 1721 Aeol.
214 1657 296 1735 pag.
320 1636 404 1722 634.
425 1633 484 1709 vbi
505 1633 617 1708 etiam
638 1633 685 1711 de
707 1656 817 1732 opere
842 1632 936 1732 ipso,
959 1633 999 1712 dc
1020 1632 1089 1709 hac
1112 1633 1281 1716 editione,
1295 1635 1438 1712 notitiae
1462 1635 1654 1716 habentur.

686 1791 898 1940 huno
928 1828 1095 1975 μιιῃό.

162 2024 304 2205 ...a
318 2025 896 2227 thalarntturu
918 2023 1201 2223 tulna
1215 2024 1703 2210 bethmatha
1802 2004 1927 2199 hc

80 2223 480 2406 htttttttsh
500 2223 1115 2419 shsttstttttttfttt
1128 2225 1702 2425 tttttffldtthdthtt:
1743 2268 1851 2381 sa

79 2424 214 2503 hensae.
290 2421 453 2497 Charall.
478 2434 601 2494 textus
621 2421 724 2515 goth.
749 2421 935 2516 pinquior‚
968 2419 1006 2494 dc
1038 2416 1267 2513 majusculus.
1341 2422 1700 2505 Commentariorum

80 2546 171 2600 vero
189 2540 326 2595 roman.
378 2518 516 2594 Desunt
536 2517 660 2613 fignat.
676 2515 871 2605 Custodes,
895 2517 1056 2601 numeri,
1083 2516 1120 2593 dc
1146 2516 1391 2615 inscriptiones
1406 2519 1587 2603 soliorum.
1638 2524 1701 2601 Ad
1770 2550 1778 2571 ’-

83 2619 221 2697 calcem
242 2619 319 2693 libri
338 2617 400 2695 lV.
424 2616 692 2693 Institutionum
714 2615 867 2713 legitur:
903 2613 999 2691 lieris
1017 2616 1250 2715 ostentorum
1276 2642 1349 2690 cam
1368 2632 1536 2714 apparata
1561 2625 1704 2719 accerfii
1841 2702 1844 2707 ,

81 2721 166 2794 cirris
190 2718 356 2805 florentini
381 2713 515 2815 impffer
531 2740 630 2789 rome.
678 2713 782 2788 Anno
795 2713 923 2813 seriatis
942 2710 1219 2789 MccchxxVI.
1233 2713 1337 2810 sedeci
1359 2714 1472 2794 Sixto.
1501 2721 1564 2796 iiii.
1586 2725 1702 2818 ponti·
1754 2764 1760 2775 .

74 2817 144 2918 fiee
170 2802 297 2891 Marcio
321 2823 386 2889 etro
402 2813 619 2911 pontificatus
643 2815 711 2887 eius
739 2816 864 2908 quinto.
898 2835 983 2889 cum
1018 2814 1140 2887 indice
1170 2814 1403 2909 rubricarum.
1478 2815 1539 2893 Ad
1562 2818 1701 2898 calcem

81 2915 374 2991 authenticarum
398 2912 488 2985 nihil
508 2909 739 3006 subscriptum
763 2912 907 3005 legitur.
956 2910 1060 2985 Folio
1083 2923 1206 2985 autem
1231 2911 1392 3007 sequenti
1412 2911 1571 2989 Codicis·
1588 2915 1700 2995 liber·

81 3015 210 3110 incipit.
232 3037 271 3086 cr.
343 3008 404 3085 Ad
428 3009 567 3083 calcem
591 3008 796 3083 duodecimi
820 3006 912 3082 nihil
931 3008 1068 3102 pariter
1089 3006 1319 3102 subscriptum
1344 3009 1405 3084 est.
1477 3010 1538 3088 Ad
1560 3017 1700 3095 calcem

80 3135 170 3189 vero
193 3111 384 3186 seudorum
405 3106 557 3204 legitur:
584 3104 678 3180 Finit
692 3105 843 3199 feliciter
867 3101 952 3178 liber
966 3104 1150 3199 secederem
1173 3102 1341 3202 imprcfflcs
1366 3106 1469 3193 Rome
1490 3123 1576 3206 aput
1594 3110 1698 3211 (hc)
1829 3106 1839 3119 ⁸

69 3208 226 3314 sanctum
254 3208 414 3281 Marcum
442 3205 548 3281 Anno
572 3205 788 3278 anatiuitatc
812 3201 881 3277 dni.
908 3200 964 3276 M.
987 3227 1069 3277 cccc.
1093 3199 1205 3281 lxxvi.
1241 3202 1296 3276 dic
1326 3202 1401 3277 lonc
1423 3230 1481 3281 xv.
1508 3209 1597 3299 miste
1624 3211 1700 3286 iulii

77 3307 160 3408 [ede‘r
180 3306 285 3405 (hc)
307 3304 410 3382 Sixto
429 3316 548 3401 quarto
569 3302 725 3400 pontifice
749 3303 898 3377 maximo
919 3324 1009 3375 aneo
1027 3299 1246 3398 pontificatur
1265 3303 1335 3375 eius
1350 3305 1442 3402 poro.
1518 3305 1697 3383 Extrava.

78 3422 209 3504 gentes
231 3406 328 3479 soliis
360 3429 413 3478 11.
438 3403 706 3499 comprehensae
726 3402 824 3477 suot:
848 3399 938 3475 folio
962 3412 1083 3474 autem
1102 3398 1204 3473 verso
1224 3399 1351 3476 tiltitno
1373 3402 1568 3479 exhibetur
1592 3404 1699 3506 Regi·
1804 3437 1806 3442 ¹

66 3510 179 3609 strum
202 3502 466 3601 (chartarum)
493 3500 588 3574 baius
618 3501 795 3573 unicornis
826 3500 927 3572 iuxta
956 3497 1103 3572 ordinem
1161 3496 1207 3572 to.
1283 3499 1338 3574 Cl.
1368 3499 1409 3576 P.
1430 3498 1634 3579 Audittredi
1660 3509 1698 3585 iu

80 3604 261 3697 Catalogo
283 3598 393 3674 Rom.
412 3600 497 3675 edit.
522 3597 616 3674 Saec.
640 3596 722 3674 XV.
753 3621 828 3671 non
852 3594 916 3671 nist
939 3597 1069 3671 Libros
1094 3595 1109 3672 1
1147 3651 1158 3670 .
1206 3594 1472 3674 Institutionum
1501 3600 1698 3683 secuudum

79 3702 176 3780 hanc
204 3700 400 3776 editionem
435 3710 606 3782 noverat,
642 3695 681 3774 dc
705 3719 754 3772 ue
781 3695 827 3770 de
852 3694 912 3769 hia
936 3695 1085 3795 quidem
1110 3694 1321 3770 adcuratam
1351 3697 1477 3773 habuit
1504 3701 1699 3791 notitiam,

81 3814 125 3876 ut
147 3813 252 3897 patet
272 3823 318 3872 ex
340 3795 590 3889 subscriptione
618 3796 663 3868 ab
690 3818 735 3870 eo
756 3794 910 3869 recitata
931 3817 966 3893 p.
989 3818 1044 3869 11.
1098 3790 1226 3869 Haulit
1256 3793 1352 3870 hanc
1380 3796 1549 3874 notitiam
1571 3823 1618 3874 ex
1639 3802 1698 3874 in·

82 3901 165 3976 dice
188 3897 426 3972 Bibliothecae
449 3892 566 3969 Felini
593 3893 645 3967 Μ.
663 3890 821 3977 Sandei,
848 3913 956 3989 quem
979 3902 1102 3968 minen
1123 3913 1157 3987 p.
1178 3902 1261 3974 208·
1278 3891 1316 3967 in
1339 3894 1465 3969 nota*
1491 3894 1697 3996 quoadsob·

82 3995 275 4093 scriptiones
296 3993 477 4093 prasertim
503 3988 763 4066 accuratissime
793 4004 984 4065 exaratum
1003 3987 1073 4065 else
1097 3988 1278 4063 adfirmat.
1352 3991 1479 4068 Minue
1506 4009 1694 4082 accurate,

72 4086 198 4173 'immo
220 4090 411 4168 detenter
429 4102 618 4168 exaratum
642 4086 709 4162 esse
732 4087 952 4187 Catalogum
973 4086 1077 4165 illum
1099 4111 1195 4163 novo
1216 4103 1432 4182 argumento
1448 4093 1593 4189 probari
1616 4093 1694 4188 pos·

59 4195 153 4277 set,
195 4188 220 4265 si
251 4188 429 4267 constaret
458 4204 579 4273 certo,
620 4186 717 4285 quod
751 4184 1063 4284 probabilissimum
1093 4184 1157 4273 est,
1201 4184 1359 4261 lodicem
1387 4189 1575 4263 feudorum
1604 4189 1692 4266 ibid.
1785 4256 1789 4261 .

81 4314 118 4391 p.
142 4304 222 4375 208.
249 4285 295 4361 N.
317 4284 382 4361 Vt.
408 4290 627 4372 excitatum,
660 4284 698 4363 dc
719 4285 850 4360 Romae
871 4286 968 4384 apud
989 4284 1208 4365 &marcum
1224 4284 1431 4385 impressum
1453 4286 1609 4364 eundem
1625 4286 1694 4367 else

78 4414 166 4471 cum
189 4385 345 4487 superius
365 4383 511 4465 laudato
539 4386 639 4499 libro,
658 4383 861 4464 feudorum.
1350 4400 1353 4405 '

829 4667 934 4765 Aa
1108 4746 1110 4751 .
1243 4656 1264 4673 '
1449 4660 1635 4767 ANNO.
