3922 5176
170 344 175 355 ·
233 321 316 413 152
848 282 1202 412 ·ss

73 500 77 507 '
231 502 270 605 tn
297 494 426 579 eadem
439 496 567 597 pagina
582 490 633 573 Re
656 492 735 598 istos
750 501 952 609 piatam,
982 517 1135 597 quonam
1149 497 1285 594 primtu
1299 508 1424 578 tame·
1449 522 1519 579 non
1536 499 1587 579 est
1606 502 1764 600 integer,
1791 502 1860 581 sed

123 668 127 674 .
231 598 252 677 s
329 620 366 673 m
386 608 528 672 tantum
548 521 685 671 condat
704 591 795 705 soirrs
810 590 992 707 impressis.
1040 594 1340 693 subscriptionem
1359 599 1524 675 editionis
1545 625 1626 677 ann.
1648 624 1750 694 ¹492·
1775 603 1854 677 vid.

231 718 256 781 a
297 697 335 772 h.
352 718 384 770 a.
404 692 449 770 N.
465 693 524 770 VI.
577 693 632 768 Ci.
660 688 856 768 Audtsfredt
876 715 949 766 non
973 692 1084 767 solum
1106 693 1426 787 itanceditionem,
1455 696 1739 774 sedetiamduas
1758 699 1859 775 alias

231 794 415 874 Romanas
433 815 527 868 anno
557 815 655 886 ¹402·
678 787 789 864 satias
808 789 995 898 ignoravit.
1047 788 1133 864 lnde
1156 813 1281 867 earum
1302 804 1405 889 patet
1424 795 1559 871 raritas.
1610 794 1716 871 conf.
1732 794 1777 869 N.
1787 796 1853 872 VI.

233 894 281 969 ad
304 915 385 966 ann.
412 911 514 983 ¹492·
540 888 570 960 's
573 880 902 983 lreodiscam⁸hu1us
926 887 1043 983 operis
1068 887 1262 964 editionem
1283 903 1369 967 nota
1390 892 1476 976 loci,
1505 893 1606 978 mirri,
1628 890 1855 989 &typogra-

98 1068 101 1073 ,
233 992 295 1090 phi
318 1000 497 1063 carentem
523 985 578 1059 Cl.
596 985 774 1060 Parnasus
792 982 859 1058 loc.
877 984 933 1058 cit
956 1006 1039 1082 pag.
1054 1007 1113 1080 44
1129 985 1219 1082 seqq.
1244 986 1427 1083 descripsit.
1475 990 1582 1065 Hanc
1611 1011 1696 1064 vero
1720 990 1755 1062 in
1779 1013 1857 1062 non

233 1088 341 1163 nuliis
372 1083 520 1160 alatino
557 1094 662 1156 textu
694 1079 871 1156 diversam
903 1079 990 1164 eise,
1018 1103 1116 1158 nunc
1138 1082 1268 1158 scilicet
1295 1085 1512 1171 breviorem,
1534 1110 1636 1175 ,nunc
1666 1084 1852 1169 fusorem,

232 1184 409 1263 adfirmat.
477 1180 588 1255 Porro
616 1179 699 1254 huic
730 1177 877 1252 editioni
904 1176 1112 1255 Theodiscae
1140 1180 1295 1277 primum
1321 1182 1413 1256 inter
1437 1206 1565 1257 omnes
1592 1182 1768 1256 editiones
1793 1182 1856 1256 seu

230 1280 360 1359 latinas
389 1280 446 1353 seu
471 1276 682 1353 Tireodiscas
717 1275 885 1351 hedenus
914 1276 1084 1351 nimirum
1118 1277 1298 1371 cognitas,
1319 1277 1441 1355 locum
1463 1280 1626 1374 assignat,
1654 1280 1782 1354 dubius
1805 1302 1856 1353 an

230 1380 414 1457 nonime
436 1387 559 1450 textus
583 1373 796 1450 Theodiscus
819 1371 859 1445 srt
881 1372 1070 1467 originalis.
1120 1374 1255 1451 Verum
1276 1374 1434 1471 opusculi
1455 1375 1574 1453 austor
1598 1377 1709 1449 homo
1728 1375 1855 1459 Italus,

231 1475 270 1553 &
299 1478 387 1551 sorte
409 1471 615 1555 Romanus,
641 1472 678 1546 de
703 1472 786 1544 irinc
802 1469 1005 1564 opusculum
1026 1469 1136 1566 ipsum
1156 1470 1263 1545 latine
1281 1472 1434 1567 primum
1454 1473 1549 1547 mue
1567 1473 1731 1569 scriptum
1749 1471 1855 1546 vide·

99 1594 104 1599 ·
231 1589 299 1651 tur.
351 1572 520 1646 Ceterum
545 1569 581 1643 in
600 1567 719 1641 aversa
745 1567 874 1661 pagina
895 1565 968 1638 solii
982 1591 1047 1660 33,
1078 1566 1170 1641 linea
1190 1573 1245 1644 16.
1266 1570 1449 1664 utriusque
1473 1570 1634 1644 editionis
1650 1570 1771 1643 latinae
1797 1569 1856 1642 in·

232 1671 317 1770 cipit
336 1666 452 1744 sabula
461 1720 476 1777 ,α
494 1665 629 1739 dudum
655 1661 813 1773 explosa,
844 1661 889 1733 de
911 1662 1072 1773 johanna
1096 1662 1238 1760 Papiria.
1302 1665 1396 1740 Haec
1422 1665 1511 1741 forte
1534 1666 1650 1742 sabula
1665 1665 1858 1774 §odessi-

180 1826 183 1837 .
231 1768 319 1843 dum
338 1764 542 1875 Tenzelmm
563 1773 758 1872 permovit,
779 1774 824 1867 ut·
843 1758 911 1830 hoc
935 1781 1094 1869 primum
1113 1757 1240 1868 saeculo
1261 1783 1355 1834 anno
1384 1785 1485 1859 1722.
1511 1760 1685 1836 Arnstadn
1716 1784 1851 1835 novam

152 1942 158 1957 ,
231 1862 339 1975 hujus
361 1859 514 1974 oppscuh
531 1859 749 1971 ‘editionem'
767 1855 932 1940 latinam,
961 1881 1005 1928 ex
1039 1858 1193 1975 editione
1220 1855 1384 1935 Romana
1408 1861 1492 1934 anni
1525 1885 1636 1954 1499,
1670 1858 1726 1935 ct.
1751 1857 1858 1969 Patri

232 1957 453 2070 Audissredro
467 1970 596 2053 panter
610 1968 809 2078 incpgnpta,
833 1953 1043 2062 adornaret..
1058 1951 1317 2063 sensianum
1333 1976 1488 2067 pag344.
1539 1959 1695 2031 Domum
1710 1953 1748 2029 ὅτ
1762 1953 1857 2028 rllud

229 2048 1511 2225 ²st·²¹¹¹i²d*“‘tti⁰⁰ssitiitistaisittistsstts
1531 2053 1768 2222 chisti
1785 2051 1856 2222 ‘it

231 2154 649 2351 {geunmmeIttdnegsieapoteffi
676 2198 841 2320 tubmos'
860 2239 956 2318 suisse
985 2241 1122 2328 sontes,
1150 2200 1197 2316 ea
1222 2204 1346 2340 quibus
1369 2200 1496 2324 sibula
1512 2247 1571 2324 ilia
1591 2172 1761 2321 mmdvit.

232 2528 399 2624 XLIII.
447 2523 631 2619 Thomas
666 2526 715 2618 de
752 2519 883 2645 sepis
915 2528 1034 2642 (hec
1074 2529 1252 2642 gothico
1294 2529 1537 2618 charasier'e
1581 2525 1852 2639 majascum,

345 2672 435 2734 non
460 2646 564 2732 item
590 2643 831 2757 sequentia,
860 2640 951 2729 sunt
975 2642 1200 2759 impressa)
1231 2644 1560 2732 Deiaritatmae
1579 2639 1718 2748 cirisi
1758 2647 1854 2734 ade

350 2767 595 2873 contempta
623 2752 774 2844 amasii
795 2754 998 2843 vanitati
1027 2759 1189 2847 maadi.
1223 2755 1288 2844 Da
1309 2757 1477 2844 interim
1499 2756 1761 2867 atiirjitioae
1778 2752 1853 2842 De

346 2870 516 2961 interna
546 2871 760 2957 locutione
786 2862 927 2974 carisii
950 2869 1007 2957 aii
1037 2867 1224 2957 atriorum
1244 2868 1423 2974 staram.
1472 2869 1575 2962 Cerri,
1594 2883 1754 2983 quarata
1781 2894 1848 2954 re·

345 2989 509 3074 neritia
533 2976 722 3090 (tarasius
749 2978 803 3091 stt
819 2979 938 3095 sisai
971 2983 1133 3070 ianuas.
1168 2994 1183 3074 i
1200 2983 1292 3071 sunt
1313 2989 1353 3069 iri
1378 2987 1492 3070 tituli
1513 3011 1696 3095 quatuor
1716 2986 1853 3070 libro·

344 3126 436 3189 rum
466 3101 518 3187 de
546 3099 792 3185 imitatione
818 3097 918 3183 Chri
957 3097 1002 3206 i)
1030 3095 1119 3183 stria
1144 3095 1379 3204 &ohannes
1406 3095 1640 3210 Garsauria
1667 3095 1852 3184 maditu-

343 3213 461 3303 tione
488 3211 646 3302 cordis.
706 3213 957 3321 Argentinae
984 3237 1109 3323 rapi).
1131 3213 1176 3310 in
1202 3228 1242 3317 3.

386 3409 495 3485 'situli
522 3433 617 3487 ame
640 3408 775 3483 recitati
797 3407 964 3503 leguntur
987 3405 1023 3480 in
1039 3408 1150 3504 prima
1165 3408 1266 3507 primi
1280 3407 1352 3487 solii
1365 3408 1513 3505 pagina:
1541 3408 1578 3482 in
1593 3405 1710 3481 aversa
1723 3416 1853 3482 autem

230 3504 393 3602 eiusdem
416 3508 534 3601 imago
560 3508 657 3599 ligno
677 3506 874 3601 incisaJesu
899 3504 1084 3597 flagellati,
1114 3529 1236 3581 coram
1260 3530 1330 3600 quo
1354 3508 1464 3580 homo
1487 3529 1583 3600 genu
1603 3505 1735 3588 flexus,
1761 3527 1852 3577 con·

224 3605 375 3702 spiciuu.
424 3603 525 3676 Folio
548 3603 699 3676 secundo
720 3603 845 3699 incipit
875 3596 1024 3684 Tabula,
1053 3605 1169 3679 brevia
1188 3603 1401 3700 surgtdorum
1417 3602 1540 3676 ordine
1562 3602 1718 3698 capitum
1738 3623 1848 3692 argu·

224 3713 348 3779 menta
369 3699 562 3781 exhibens,
590 3721 670 3794 quae
691 3695 869 3775 in'aversa
892 3695 978 3771 sexti
999 3697 1070 3774 solii
1092 3702 1237 3796 pagina,
1261 3700 1354 3773 iinea
1378 3724 1399 3797 7
1423 3700 1639 3773 terminatur.
1691 3695 1848 3772 Accedit

66 3804 71 3820 '
223 3796 444 3892 subscriptio:
472 3796 566 3871 Finit
587 3793 713 3868 tobosa.
766 3794 857 3869 Tum
874 3793 944 3867 duo
966 3792 1153 3891 sequuntur
1175 3797 1258 3872 solia
1281 3820 1401 3872 vacua.
1453 3794 1540 3870 Οᾶο
1563 3796 1644 3869 haec
1671 3794 1753 3871 solia
1774 3817 1848 3868 non

221 3894 301 3969 sunt
325 3893 466 3989 signata.
529 3894 634 3967 Nono
653 3896 800 3966 (semum
822 3891 925 3974 solio,
957 3888 1092 3985 signato
1114 3893 1166 3977 B,
1199 3888 1274 3966 Inci
1297 3894 1323 3966 it
1347 3889 1429 3964 iiber
1446 3893 1577 3988 priami
1593 3893 1701 3991 frosm
1724 3888 1847 3964 nome

225 3990 267 4065 de
292 3990 445 4088 Kampir:
471 3992 621 4064 canonici
642 3990 809 4085 regularis
833 3988 961 4059 ordinis
978 3986 1088 4084 sossii
1111 3989 1228 4087 Augu.
1256 3918 1310 4063 ὄσ
1338 3992 1508 4062 imitatam
1527 3989 1618 4084 xpiit
1641 3989 1681 4061 de
1701 3997 1847 4085 adtemp-

224 4100 262 4165 ω
287 4077 351 4164 oim
380 4089 532 4160 vanitati
556 4086 656 4159 iiiiii.
712 4086 750 4157 in
774 4084 936 4178 superiori
959 4089 1120 4182 margine
1145 4092 1269 4183 primae
1291 4086 1447 4181 cuiusvis
1473 4087 1546 4160 solii
1594 4088 1713 4181 aginae
1740 4099 1850 4181 typo·

221 4188 379 4285 graphius
413 4184 541 4259 librum
574 4182 760 4264 indicavit,
793 4204 883 4276 eg.
913 4180 1018 4257 Liber
1044 4185 1172 4279 primus
1192 4223 1231 4240 -·
1258 4181 1362 4257 Liber
1388 4182 1537 4267 I'ertias,
1567 4110 1603 4259 d
1655 4184 1845 4278 serumque

220 4285 333 4358 etiam
358 4281 513 4356 im'tiales
535 4281 657 4356 literas
684 4300 814 4371 paruas
847 4278 988 4377 adjecit.
1067 4279 1097 4355 F
1098 4280 1248 4355 oiiomm
1270 4282 1429 4365 numeri,
1462 4281 1499 4355 a
1521 4207 1683 4356 custodies
1707 4278 1773 4354 des
1830 4331 1833 4335 -

221 4379 341 4454 Prima
363 4379 494 4475 pagina
526 4377 599 4452 solii
629 4375 740 4452 attavi
765 4377 1009 4468 quatemionis
1026 4398 1050 4447 u
1077 4377 1153 4471 post
1173 4377 1305 4453 lineam
1327 4391 1450 4454 textus
1477 4379 1656 4453 decimam
1682 4379 1847 4474 quintam

221 4470 380 4564 lapitas
403 4473 487 4549 iiber
509 4484 648 4569 quartas
666 4469 707 4545 ss
732 4473 851 4548 aitim⁹
877 4471 917 4546 de
926 4475 1136 4564 sacramento
1160 4475 1291 4551 asturis.
1309 4476 1376 4553 dcc.
1428 4476 1521 4552 Duae
1536 4476 1721 4576 postremae
1744 4472 1844 4573 ejus·
1931 4500 1951 4521 -'

217 4571 305 4662 dem
326 4573 471 4672 paginae
497 4573 602 4657 lineae
629 4569 724 4661 suet:
1699 4667 1724 4748 I
1758 4664 1771 4681 ς

1718 4688 1790 4746 aar·
