3892 5182
161 541 200 620 S.
217 539 409 656 Scriptura
430 537 657 641 depromptis
678 539 921 623 inculcentur.
974 541 1113 622 Auilor
1128 567 1221 647 opus
1242 543 1680 646 inscripfit'Confratribus
1702 547 1774 624 suis

159 638 437 737 Augustinianis
461 641 499 718 in
527 640 724 719 Conventu
756 640 1003 741 Neapolitano
1029 644 1289 731 existentibus,
1330 661 1373 721 ut
1394 646 1466 758 ipse
1490 649 1529 720 in
1549 646 1773 723 Praefatione

161 739 261 836 operi
285 737 442 836 praefixa
462 738 624 814 testatur.
676 739 778 837 Opus
800 742 956 819 divisum
978 742 1028 817 est
1052 743 1090 817 in
1109 743 1288 839 capitula,
1317 742 1375 818 seu
1391 743 1521 818 trtitlos
1539 760 1688 820 centum
1709 747 1776 820 tri·

158 838 261 935 ginta
290 859 446 921 novem,
485 838 654 932 quamvis
686 841 942 937 typographus
968 865 1043 914 non
1066 838 1130 914 nih
1153 841 1316 938 capitula
1343 856 1493 916 centum
1514 841 1668 938 triginta
1694 843 1775 918 otio

156 935 356 1010 notaverit.
425 933 539 1010 Error
560 935 646 1010 inde
671 939 857 1025 manavit,
885 938 984 1034 quod
1007 961 1202 1012 numerum
1232 938 1394 1034 capitulo
1418 935 1611 1032 vigesrmo,
1637 941 1677 1015 in
1703 963 1776 1035 quo

156 1028 1365 1229 assimileris..anisseheim
1388 1059 1583 1211 llam
1604 1035 1777 1230 &lille

155 1230 215 1304 hic
239 1228 391 1324 quidem
415 1250 517 1301 error
538 1251 603 1324 per
627 1241 748 1303 totum
781 1252 874 1325 opus
909 1229 1082 1326 deinceps
1114 1229 1165 1305 est
1205 1189 1452 1308 continuatus.
1533 1230 1776 1329 insuperiori

153 1326 326 1421 margine
348 1347 391 1399 ca
416 1325 612 1413 itulorum,
638 1351 713 1400 non
733 1326 927 1413 foliorum,
955 1327 1099 1401 numeri
1127 1340 1313 1403 notantur.
1384 1328 1521 1407 Desunt
1543 1352 1688 1425 quoque
1712 1354 1777 1405 cu·

152 1424 296 1506 liodes,
319 1421 359 1498 dc
386 1346 590 1518 lignaturae.
641 1421 695 1499 At
716 1424 862 1499 litteras
887 1425 1048 1500 initiales
1072 1447 1244 1520 magnas,
1274 1449 1409 1522 easque
1433 1428 1534 1524 ligno
1561 1426 1691 1502 incisas
1714 1442 1776 1524 ty·

152 1520 376 1621 pographus
393 1519 466 1616 ipse
493 1520 638 1617 adjecit.
699 1524 874 1597 Ceterum
895 1521 1122 1597 charasteres
1146 1524 1304 1618 gotthici
1324 1525 1475 1620 quidem
1498 1524 1597 1611 sunt,
1637 1525 1697 1602 sed
1720 1539 1776 1600 ta·

152 1644 238 1696 men
263 1617 468 1692 admodum
492 1618 691 1712 elegantes.
763 1617 826 1694 Ad
848 1619 987 1694 calcem
1011 1643 1053 1694 ca
1081 1620 1163 1694 ituli
1194 1621 1383 1718 postremi,
1421 1622 1520 1718 quod
1549 1622 1601 1697 est
1627 1623 1673 1701 de
1694 1623 1776 1701 zelo
1843 1662 1847 1666 ·

153 1715 369 1800 indiscreto,
398 1715 569 1808 leguntur
589 1715 774 1812 sequentia
797 1719 898 1813 typis
922 1719 1039 1814 impre
1066 1740 1107 1792 a:
1139 1714 1269 1815 Vigore
1292 1719 1419 1816 infiniti
1438 1722 1521 1794 entis
1544 1718 1683 1817 explicit
1702 1717 1777 1797 lib’.

159 1813 254 1889 ὑπ’.
288 1811 331 1888 θ’
350 1812 509 1909 perutilis
528 1810 647 1917 Aurea
669 1811 798 1890 Biblia.
827 1841 874 1891 ve.
904 1839 955 1890 ac.
986 1841 1038 1890 no.
1061 1827 1102 1891 te.
1128 1818 1261 1914 appella
1275 1844 1302 1916 p.
1353 1817 1394 1894 V
1388 1816 1433 1893 lm
1460 1817 1612 1916 diligens
1645 1843 1667 1911 p
1699 1814 1776 1924 ο7οι

158 1912 257 2009 ioie3
287 1913 396 2000 aeiner
415 1909 456 1986 de
476 1909 678 2009 nallingen
699 1911 900 2009 artificialis
924 1915 1074 2012 effigiotp.
1125 1911 1230 1987 Anao
1262 1915 1346 2012 legis
1377 1913 1439 2013 gri
1477 1941 1524 1992 ω.
1546 1913 1775 1994 cccc.”Lxxv.

162 2010 209 2084 dic
227 2009 340 2086 altera
358 2012 431 2110 posi
451 2011 514 2085 viti
536 2007 577 2086 ss
602 2008 734 2113 modesti
755 2011 931 2087 martirum
957 2016 1011 2086 cui
1027 2015 1076 2115 fil
1102 2008 1206 2088 honor
1229 2011 1270 2096 si
1297 2011 1422 2095 Gloria
1442 2016 1477 2088 in
1492 2013 1608 2118 seculo
1624 2012 1774 2116 secalo4

167 2133 260 2183 anm.
284 2106 355 2186 &a
478 2160 482 2165 -

185 2339 283 2432 vll
302 2342 459 2459 Jacobi
483 2342 538 2434 de
569 2340 696 2435 Clusa
724 2345 1020 2438 Charthusrani
1049 2345 1282 2438 Tanatus
1315 2352 1369 2438 de
1403 2329 1774 2464 Appuritionibus

277 2463 512 2548 aninrarum
534 2462 631 2576 poli
660 2464 824 2551 exitum
849 2478 996 2552 earum
1024 2490 1048 2551 a
1073 2463 1351 2580 corporibus.
1380 2462 1622 2576 Burgdorfii
1635 2480 1771 2575 1475.

273 2575 360 2663 sme
390 2575 570 2664 nomine
598 2577 879 2693 typographi.
914 2576 960 2715 in
982 2576 1025 2666 F
1027 2579 1088 2669 ol.
1550 2586 1556 2595 ’

258 2797 300 2871 in
323 2750 449 2909 fronte
468 2795 599 2893 primae
622 2796 775 2909 paginae·
789 2793 871 2872 haec
893 2792 928 2869 le
950 2783 952 2786 ¹
1004 2807 1084 2870 tur:
1119 2791 1294 2871 Troiiam
1308 2788 1625 2910 deppparitionibus
1637 2791 1776 2961 passapo-

161 2889 821 3096 ppapppeflnetnapfflnnoeppoueppppppspp
845 2892 950 3088 gays
973 2890 1577 3091 {isiciisnsorrssssshrmsihrsdpihzihz
1595 2891 1776 3086 petrensem:

160 3091 346 3204 doliiffimo.
424 3086 563 3165 Auitor
589 3088 699 3185 hujus
722 3087 903 3197 opusculi,
940 3088 1039 3199 quod
1062 3088 1195 3182 viginti
1220 3089 1280 3165 l'ex
1304 3102 1449 3203 tantum
1476 3089 1576 3167 foliis
1603 3081 1777 3187 impressis

159 3191 327 3272 constat,
354 3185 528 3284 singulare
552 3200 812 3282 argumentum
829 3207 967 3356 mapore
991 3184 1163 3259 libertate
1192 3182 1380 3272 tractant,
1410 3209 1524 3282 quam
1548 3209 1614 3282 pro
1633 3196 1776 3279 tempo·

160 3292 212 3362 ris
237 3285 339 3359 illius
358 3287 467 3381 genio
487 3286 526 3360 id
542 3286 587 3360 ab
604 3285 687 3360 aliis
703 3281 879 3372 sadume
910 3338 919 3355 .
970 3281 1094 3358 Habet
1118 3296 1242 3359 tamen
1265 3283 1401 3359 multas
1424 3281 1584 3367 fabulas,
1610 3276 1782 3388 &suble-p

161 3384 223 3459 liae
244 3381 333 3457 lidei
352 3383 534 3468 historias.
610 3384 706 3457 Cum
728 3381 851 3478 plures
874 3381 973 3462 circa
999 3380 1162 3457 medium
1185 3379 1278 3459 Saec.
1304 3376 1386 3459 XV.
1413 3376 1552 3459 fuerint
1573 3401 1621 3453 ex
1647 3374 1777 3450 ordine

163 3477 488 3556 Chartusranorum
509 3479 653 3580 Jacobi,
678 3481 779 3575 iique
804 3478 986 3554 Ersordiae
1008 3477 1204 3574 degentes,
1229 3504 1304 3552 non
1327 3476 1412 3553 satis
1432 3476 1566 3577 liquet,
1594 3474 1676 3571 quis
1694 3469 1778 3546 illo·'
1812 3515 1823 3524 »
1867 3498 1873 3515 ,

163 3603 246 3654 rum
271 3577 460 3675 praesentis
480 3579 601 3675 operis
622 3577 745 3654 auiior
768 3573 813 3650 srt
839 3575 1028 3652 dicendus
1080 3576 1136 3652 De
1159 3576 1241 3656 loco
1264 3577 1378 3656 etiam
1399 3571 1637 3673 imprelsronis
1657 3571 1777 3666 Burg·

213 3678 251 3752 rf
271 3701 346 3750 non
370 3677 520 3751 omnino
546 3689 648 3751 certa
670 3676 852 3749 habentur
881 3671 1113 3749 documenta.
1191 3672 1516 3752 Probabiliffimum
1544 3672 1614 3757 est,
1656 3671 1778 3764 Burg-

192 3775 314 3849 orsum
337 3773 529 3853 Beruenhs
551 3775 590 3848 in
610 3773 784 3848 Helvetia
806 3772 959 3848 ditionis
982 3771 1161 3867 oppidum
1182 3771 1370 3867 defignari.
1419 3770 1559 3846 Verum
1576 3793 1661 3843 cum
1683 3785 1778 3864 prae·

165 3889 223 3948 ter
246 3872 382 3948 librum
405 3873 503 3948 hunc
535 3870 860 3949 nullus=hasienus
894 3868 1026 3953 eodem
1049 3869 1090 3944 in
1117 3871 1251 3969 oppido
1276 3883 1377 3969 certo
1397 3869 1585 3967 impressus
1608 3868 1777 3946 innotue-

164 3971 233 4057 rit,
257 3970 483 4067 typographi
506 3993 649 4067 quoque
669 3968 762 4043 latet
780 3980 938 4063 nomen„
978 3963 1090 4041 Plura
1115 3966 1161 4042 de
1187 3968 1268 4043 loco
1286 3966 1357 4043 &t
1411 3968 1592 4064 ographo,
1621 3982 1776 4040 necnon

168 4069 288 4164 operis
311 4067 459 4144 aueore
486 4067 526 4147 &
549 4066 766 4162 argumento
791 4062 953 4139 disseruit
974 4058 1139 4160 clselug.
1165 4063 1263 4140 Frid.
1278 3988 1427 4177 Pseihlyer
1446 4070 1487 4138 -lo
1512 4062 1703 4159 nentina
1724 4079 1776 4152 yut

168 4167 334 4256 &cananis
358 4170 438 4240 alter
465 4164 621 4257 monet,
650 4169 716 4238 aab
743 4161 1066 4255 paniseistion-1.
1092 4161 1162 4244 &a
1194 4188 1230 4236 n.
1247 4161 1329 4237 XII.
1378 4161 1532 4238 Litterae
1551 4160 1630 4236 sunt
1652 4157 1778 4230 oblon-

170 4285 224 4357 gae
246 4264 461 4361 &pingues
484 4261 701 4345 admodum,
728 4280 855 4355 eaeque
878 4258 1046 4355 sculptae,
1087 4270 1130 4334 ut
1152 4259 1318 4342 videtur,
1343 4283 1416 4332 non
1439 4259 1549 4359 fusae.
1615 4252 1779 4329 lnitiales

173 4360 324 4447 litterae,
352 4359 540 4446 custodes,
566 4356 778 4454 signanirae,
803 4356 1024 4453 paginarum
1035 4356 1329 4452 numeridelpnt.
1382 4350 1777 4448 Distinttionislignum

173 4458 318 4540 unicum
332 4457 476 4557 „ubique
494 4457 673 4538 occurrit,
697 4476 828 4559 nempe
846 4455 1029 4551 punitum.
1076 4455 1121 4529 'In
1180 4454 1255 4529 ima
1272 4452 1531 4549 foliivigefimi
1547 4452 1662 4537 sexti,
1671 4449 1784 4583 sepas*

117 4636 126 4643 ,
175 4551 548 4759 propitiari-pagina
581 4555 741 4650 primum
768 4552 853 4627 haec
881 4553 1071 4647 leguntur:
1089 4576 1112 4613 ·.
1154 4553 1275 4648 eplicit
1303 4548 1476 4625 Tremens
1503 4553 1617 4629 exieris
1637 4546 1785 4626 όοῑωηε·

110 4710 114 4717 -
210 4653 303 4732 ocobi
318 4653 361 4732 de
381 4652 476 4767 class
487 4649 636 4731 ordine
654 4650 860 4757 coriustenfir
876 4648 916 4771 de
930 4642 1176 4754 apparitionii⁹
1199 4647 1245 4745 ss.
1263 4646 1488 4749 receptaculis:
1496 4644 1614 4754 anima
1625 4649 1779 4757 expiari,
1876 4659 1895 4747 ‘⁹

1522 4821 1528 4825 ,
1675 4769 1735 4822 illl·

1793 4786 1905 4945 ,ad
