<?xml version="1.0" encoding="UTF-8"?>
<!DOCTYPE html PUBLIC "-//W3C//DTD XHTML 1.0 Transitional//EN"
    "http://www.w3.org/TR/xhtml1/DTD/xhtml1-transitional.dtd">
<html xmlns="http://www.w3.org/1999/xhtml" xml:lang="en" lang="en">
 <head>
  <title>
</title>
<meta http-equiv="Content-Type" content="text/html;charset=utf-8" />
  <meta name='ocr-system' content='tesseract 3.04.00' />
  <meta name='ocr-capabilities' content='ocr_page ocr_carea ocr_par ocr_line ocrx_word'/>
</head>
<body>
  <div class='ocr_page' id='page_1' title='image "./bibliothecacade00biblgoog_0160.png"; bbox 0 0 3922 5176; ppageno 0'>
   <div class='ocr_carea' id='block_1_1' title="bbox 68 92 1903 778">
    <p class='ocr_par' dir='ltr' id='par_1_1' title="bbox 745 92 1903 417">
     <span class='ocr_line' id='line_1_1' title="bbox 1467 92 1903 153; baseline -0.023 -42"><span class='ocrx_word' id='word_1_1' title='bbox 1467 116 1478 153; x_wconf 46' lang='lat' dir='ltr'><em>l</em></span> <span class='ocrx_word' id='word_1_2' title='bbox 1898 92 1903 101; x_wconf 90' lang='grc'><em>,</em></span> 
     </span>
     <span class='ocr_line' id='line_1_2' title="bbox 745 269 1723 417; baseline -0.013 -21"><span class='ocrx_word' id='word_1_3' title='bbox 745 269 1073 403; x_wconf 57' lang='lat' dir='ltr'>ss,</span> <span class='ocrx_word' id='word_1_4' title='bbox 1392 400 1399 417; x_wconf 62' lang='lat'><strong>.</strong></span> <span class='ocrx_word' id='word_1_5' title='bbox 1630 284 1723 407; x_wconf 75' lang='lat'>147.¹</span> 
     </span>
    </p>

    <p class='ocr_par' dir='ltr' id='par_1_2' title="bbox 89 474 1738 577">
     <span class='ocr_line' id='line_1_3' title="bbox 89 474 1738 577; baseline -0.014 -16"><span class='ocrx_word' id='word_1_6' title='bbox 89 500 174 561; x_wconf 82' lang='lat' dir='ltr'>nius</span> <span class='ocrx_word' id='word_1_7' title='bbox 193 478 332 577; x_wconf 81' lang='lat' dir='ltr'>incipit</span> <span class='ocrx_word' id='word_1_8' title='bbox 361 475 456 555; x_wconf 83' lang='lat' dir='ltr'>liber</span> <span class='ocrx_word' id='word_1_9' title='bbox 482 475 740 576; x_wconf 88' lang='lat' dir='ltr'>politicorum,</span> <span class='ocrx_word' id='word_1_10' title='bbox 764 474 804 556; x_wconf 78' lang='lat' dir='ltr'>dr</span> <span class='ocrx_word' id='word_1_11' title='bbox 829 476 999 575; x_wconf 73' lang='lat' dir='ltr'>sequerer</span> <span class='ocrx_word' id='word_1_12' title='bbox 1021 477 1221 558; x_wconf 85' lang='lat' dir='ltr'>ceteri-suo</span> <span class='ocrx_word' id='word_1_13' title='bbox 1243 479 1376 560; x_wconf 85' lang='lat' dir='ltr'>ordine</span> <span class='ocrx_word' id='word_1_14' title='bbox 1395 482 1493 565; x_wconf 75' lang='lat' dir='ltr'>iibri</span> <span class='ocrx_word' id='word_1_15' title='bbox 1552 485 1738 568; x_wconf 70' lang='lat' dir='ltr'>Ostavnr.</span> 
     </span>
    </p>

    <p class='ocr_par' dir='ltr' id='par_1_3' title="bbox 68 575 1726 778">
     <span class='ocr_line' id='line_1_4' title="bbox 68 575 1726 778; baseline 0.004 -120"><span class='ocrx_word' id='word_1_16' title='bbox 68 580 330 778; x_wconf 58' lang='lat' dir='ltr'>fighticorum</span> <span class='ocrx_word' id='word_1_17' title='bbox 356 575 449 652; x_wconf 90' lang='lat' dir='ltr'>liber</span> <span class='ocrx_word' id='word_1_18' title='bbox 471 576 693 654; x_wconf 88' lang='lat' dir='ltr'>terminatur</span> <span class='ocrx_word' id='word_1_19' title='bbox 711 577 751 653; x_wconf 93' lang='lat' dir='ltr'>in</span> <span class='ocrx_word' id='word_1_20' title='bbox 764 576 882 673; x_wconf 90' lang='lat' dir='ltr'>prima</span> <span class='ocrx_word' id='word_1_21' title='bbox 903 580 1038 674; x_wconf 86' lang='lat' dir='ltr'>pagina</span> <span class='ocrx_word' id='word_1_22' title='bbox 1056 578 1137 654; x_wconf 89' lang='lat' dir='ltr'>solii</span> <span class='ocrx_word' id='word_1_23' title='bbox 1152 575 1306 676; x_wconf 88' lang='lat' dir='ltr'>impressi</span> <span class='ocrx_word' id='word_1_24' title='bbox 1325 598 1411 681; x_wconf 84' lang='lat'>187,</span> <span class='ocrx_word' id='word_1_25' title='bbox 1437 584 1536 661; x_wconf 87' lang='lat' dir='ltr'>linea</span> <span class='ocrx_word' id='word_1_26' title='bbox 1550 589 1585 662; x_wconf 87' lang='lat' dir='ltr'>b.</span> <span class='ocrx_word' id='word_1_27' title='bbox 1634 587 1726 664; x_wconf 65' lang='lat' dir='ltr'>Re:</span> 
     </span>
    </p>
   </div>
   <div class='ocr_carea' id='block_1_2' title="bbox 69 673 1712 875">
    <p class='ocr_par' dir='ltr' id='par_1_4' title="bbox 69 673 1712 875">
     <span class='ocr_line' id='line_1_5' title="bbox 138 673 1712 779; baseline 0.004 -24"><span class='ocrx_word' id='word_1_28' title='bbox 138 702 224 755; x_wconf 89' lang='lat' dir='ltr'>uum</span> <span class='ocrx_word' id='word_1_29' title='bbox 243 674 364 772; x_wconf 83' lang='lat' dir='ltr'>hujus</span> <span class='ocrx_word' id='word_1_30' title='bbox 384 675 529 771; x_wconf 86' lang='lat' dir='ltr'>paginae</span> <span class='ocrx_word' id='word_1_31' title='bbox 548 673 705 770; x_wconf 87' lang='lat' dir='ltr'>spatium</span> <span class='ocrx_word' id='word_1_32' title='bbox 726 674 777 749; x_wconf 88' lang='lat' dir='ltr'>est</span> <span class='ocrx_word' id='word_1_33' title='bbox 798 697 967 749; x_wconf 90' lang='lat' dir='ltr'>vacuum.</span> <span class='ocrx_word' id='word_1_34' title='bbox 1019 677 1060 750; x_wconf 94' lang='lat' dir='ltr'>ln</span> <span class='ocrx_word' id='word_1_35' title='bbox 1082 675 1243 772; x_wconf 87' lang='lat' dir='ltr'><strong>sequenti</strong></span> <span class='ocrx_word' id='word_1_36' title='bbox 1264 692 1389 753; x_wconf 89' lang='lat' dir='ltr'>autem</span> <span class='ocrx_word' id='word_1_37' title='bbox 1414 678 1523 769; x_wconf 90' lang='lat' dir='ltr'>solio,</span> <span class='ocrx_word' id='word_1_38' title='bbox 1551 685 1712 779; x_wconf 87' lang='lat' dir='ltr'>praemis·</span> 
     </span>
     <span class='ocr_line' id='line_1_6' title="bbox 69 772 1711 875; baseline 0.002 -20"><span class='ocrx_word' id='word_1_39' title='bbox 69 781 121 855; x_wconf 75' lang='lat' dir='ltr'>{a</span> <span class='ocrx_word' id='word_1_40' title='bbox 141 773 622 872; x_wconf 87' lang='lat' dir='ltr'>interpretispraesatione,</span> <span class='ocrx_word' id='word_1_41' title='bbox 665 772 797 868; x_wconf 86' lang='lat' dir='ltr'>incipit</span> <span class='ocrx_word' id='word_1_42' title='bbox 819 772 960 868; x_wconf 90' lang='lat' dir='ltr'>primus</span> <span class='ocrx_word' id='word_1_43' title='bbox 985 772 1078 848; x_wconf 90' lang='lat' dir='ltr'>liber</span> <span class='ocrx_word' id='word_1_44' title='bbox 1104 774 1434 862; x_wconf 86' lang='lat' dir='ltr'>oeconomicorum,</span> <span class='ocrx_word' id='word_1_45' title='bbox 1462 801 1571 875; x_wconf 88' lang='lat' dir='ltr'>quem</span> <span class='ocrx_word' id='word_1_46' title='bbox 1594 781 1711 859; x_wconf 86' lang='lat' dir='ltr'>inter·</span> 
     </span>
    </p>
   </div>
   <div class='ocr_carea' id='block_1_3' title="bbox 72 870 1734 1343">
    <p class='ocr_par' dir='ltr' id='par_1_5' title="bbox 72 870 1734 1343">
     <span class='ocr_line' id='line_1_7' title="bbox 72 870 1708 1053; baseline 0.004 -103"><span class='ocrx_word' id='word_1_47' title='bbox 72 876 170 1053; x_wconf 47' lang='lat' dir='ltr'>{gio</span> <span class='ocrx_word' id='word_1_48' title='bbox 192 872 319 971; x_wconf 83' lang='lat' dir='ltr'>spatio</span> <span class='ocrx_word' id='word_1_49' title='bbox 341 893 461 945; x_wconf 89' lang='lat' dir='ltr'>vacuo</span> <span class='ocrx_word' id='word_1_50' title='bbox 480 870 624 967; x_wconf 83' lang='lat' dir='ltr'>excipit</span> <span class='ocrx_word' id='word_1_51' title='bbox 647 870 825 945; x_wconf 89' lang='lat' dir='ltr'>secundus</span> <span class='ocrx_word' id='word_1_52' title='bbox 848 870 911 979; x_wconf 85' lang='lat' dir='ltr'>qui</span> <span class='ocrx_word' id='word_1_53' title='bbox 934 870 1154 946; x_wconf 88' lang='lat' dir='ltr'>terminatur</span> <span class='ocrx_word' id='word_1_54' title='bbox 1175 870 1215 945; x_wconf 92' lang='lat' dir='ltr'>in</span> <span class='ocrx_word' id='word_1_55' title='bbox 1231 871 1355 946; x_wconf 88' lang='lat' dir='ltr'>aversa</span> <span class='ocrx_word' id='word_1_56' title='bbox 1373 875 1507 971; x_wconf 88' lang='lat' dir='ltr'>pagiua</span> <span class='ocrx_word' id='word_1_57' title='bbox 1527 877 1606 951; x_wconf 89' lang='lat' dir='ltr'>folii</span> <span class='ocrx_word' id='word_1_58' title='bbox 1627 905 1708 978; x_wconf 79' lang='lat'>193,</span> 
     </span>
     <span class='ocr_line' id='line_1_8' title="bbox 98 965 1711 1074; baseline 0.001 -24"><span class='ocrx_word' id='word_1_59' title='bbox 98 978 108 992; x_wconf 86' lang='lat'><strong><em>‘</em></strong></span> <span class='ocrx_word' id='word_1_60' title='bbox 133 996 184 1050; x_wconf 79' lang='lat' dir='ltr'>ea</span> <span class='ocrx_word' id='word_1_61' title='bbox 205 996 269 1047; x_wconf 70' lang='grc' dir='ltr'>ια.</span> <span class='ocrx_word' id='word_1_62' title='bbox 319 966 348 1043; x_wconf 91' lang='lat' dir='ltr'>S</span> <span class='ocrx_word' id='word_1_63' title='bbox 375 967 493 1042; x_wconf 87' lang='lat' dir='ltr'>atium</span> <span class='ocrx_word' id='word_1_64' title='bbox 514 968 613 1062; x_wconf 91' lang='lat' dir='ltr'>quod</span> <span class='ocrx_word' id='word_1_65' title='bbox 635 966 790 1065; x_wconf 90' lang='lat' dir='ltr'><strong>superest</strong></span> <span class='ocrx_word' id='word_1_66' title='bbox 811 965 922 1064; x_wconf 75' lang='lat' dir='ltr'>hujus</span> <span class='ocrx_word' id='word_1_67' title='bbox 945 968 1110 1064; x_wconf 79' lang='lat' dir='ltr'>paginae,</span> <span class='ocrx_word' id='word_1_68' title='bbox 1133 969 1190 1044; x_wconf 94' lang='lat' dir='ltr'>uti</span> <span class='ocrx_word' id='word_1_69' title='bbox 1211 967 1326 1044; x_wconf 93' lang='lat' dir='ltr'>etiam</span> <span class='ocrx_word' id='word_1_70' title='bbox 1345 969 1525 1068; x_wconf 89' lang='lat' dir='ltr'>sequentis</span> <span class='ocrx_word' id='word_1_71' title='bbox 1544 974 1624 1065; x_wconf 88' lang='lat' dir='ltr'>solii</span> <span class='ocrx_word' id='word_1_72' title='bbox 1647 1001 1711 1074; x_wconf 86' lang='lat' dir='ltr'>pa·</span> 
     </span>
     <span class='ocr_line' id='line_1_9' title="bbox 86 990 1734 1171; baseline 0.001 -26"><span class='ocrx_word' id='word_1_73' title='bbox 86 1074 179 1171; x_wconf 79' lang='lat' dir='ltr'>gina</span> <span class='ocrx_word' id='word_1_74' title='bbox 200 1068 318 1164; x_wconf 89' lang='lat' dir='ltr'>prima</span> <span class='ocrx_word' id='word_1_75' title='bbox 343 990 426 1139; x_wconf 75' lang='lat' dir='ltr'>ihm</span> <span class='ocrx_word' id='word_1_76' title='bbox 451 1087 579 1140; x_wconf 88' lang='lat' dir='ltr'>vacua.</span> <span class='ocrx_word' id='word_1_77' title='bbox 629 1066 674 1140; x_wconf 84' lang='lat' dir='ltr'>hi</span> <span class='ocrx_word' id='word_1_78' title='bbox 687 1063 818 1139; x_wconf 81' lang='lat' dir='ltr'>&#39;aversa</span> <span class='ocrx_word' id='word_1_79' title='bbox 838 1077 964 1139; x_wconf 90' lang='lat' dir='ltr'>autem</span> <span class='ocrx_word' id='word_1_80' title='bbox 986 1066 1121 1161; x_wconf 85' lang='lat' dir='ltr'>pagina</span> <span class='ocrx_word' id='word_1_81' title='bbox 1144 1063 1254 1163; x_wconf 83' lang='lat' dir='ltr'>hujus</span> <span class='ocrx_word' id='word_1_82' title='bbox 1275 1065 1357 1141; x_wconf 91' lang='lat' dir='ltr'>solii</span> <span class='ocrx_word' id='word_1_83' title='bbox 1381 1071 1595 1167; x_wconf 80' lang='lat' dir='ltr'>interpretis</span> <span class='ocrx_word' id='word_1_84' title='bbox 1615 1074 1734 1149; x_wconf 88' lang='lat' dir='ltr'>inci·.</span> 
     </span>
     <span class='ocr_line' id='line_1_10' title="bbox 90 1160 1707 1343; baseline 0.006 -105"><span class='ocrx_word' id='word_1_85' title='bbox 90 1164 325 1343; x_wconf 47' lang='lat' dir='ltr'>hwistola</span> <span class='ocrx_word' id='word_1_86' title='bbox 348 1163 396 1237; x_wconf 91' lang='lat' dir='ltr'>ad</span> <span class='ocrx_word' id='word_1_87' title='bbox 418 1160 598 1237; x_wconf 91' lang='lat' dir='ltr'>summum</span> <span class='ocrx_word' id='word_1_88' title='bbox 620 1160 840 1238; x_wconf 88' lang='lat' dir='ltr'>Pontificem</span> <span class='ocrx_word' id='word_1_89' title='bbox 873 1161 1082 1257; x_wconf 86' lang='lat' dir='ltr'>Eugenium</span> <span class='ocrx_word' id='word_1_90' title='bbox 1106 1163 1168 1240; x_wconf 89' lang='lat' dir='ltr'>IV.</span> <span class='ocrx_word' id='word_1_91' title='bbox 1201 1177 1243 1238; x_wconf 92' lang='lat' dir='ltr'>ut</span> <span class='ocrx_word' id='word_1_92' title='bbox 1271 1164 1436 1253; x_wconf 90' lang='lat' dir='ltr'>videtur,</span> <span class='ocrx_word' id='word_1_93' title='bbox 1481 1191 1553 1265; x_wconf 89' lang='lat' dir='ltr'>qua</span> <span class='ocrx_word' id='word_1_94' title='bbox 1586 1171 1707 1248; x_wconf 91' lang='lat' dir='ltr'>eidem</span> 
     </span>
    </p>
   </div>
   <div class='ocr_carea' id='block_1_4' title="bbox 10 1257 1780 1949">
    <p class='ocr_par' dir='ltr' id='par_1_6' title="bbox 211 1257 1707 1365">
     <span class='ocr_line' id='line_1_11' title="bbox 211 1257 1707 1365; baseline 0.004 -30"><span class='ocrx_word' id='word_1_95' title='bbox 211 1262 459 1359; x_wconf 90' lang='lat' dir='ltr'>politicorum</span> <span class='ocrx_word' id='word_1_96' title='bbox 480 1259 596 1336; x_wconf 86' lang='lat' dir='ltr'>latine</span> <span class='ocrx_word' id='word_1_97' title='bbox 621 1260 788 1337; x_wconf 86' lang='lat' dir='ltr'>redditos</span> <span class='ocrx_word' id='word_1_98' title='bbox 812 1257 931 1334; x_wconf 87' lang='lat' dir='ltr'>offert.</span> <span class='ocrx_word' id='word_1_99' title='bbox 997 1261 1105 1337; x_wconf 86' lang='lat' dir='ltr'>Hanc</span> <span class='ocrx_word' id='word_1_100' title='bbox 1124 1260 1323 1358; x_wconf 82' lang='lat' dir='ltr'>Epistulam</span> <span class='ocrx_word' id='word_1_101' title='bbox 1347 1265 1430 1339; x_wconf 84' lang='lat' dir='ltr'>exci</span> <span class='ocrx_word' id='word_1_102' title='bbox 1456 1266 1487 1340; x_wconf 93' lang='lat' dir='ltr'>it</span> <span class='ocrx_word' id='word_1_103' title='bbox 1513 1266 1586 1342; x_wconf 85' lang='lat' dir='ltr'>alia</span> <span class='ocrx_word' id='word_1_104' title='bbox 1608 1267 1707 1365; x_wconf 84' lang='lat' dir='ltr'>ejus·</span> 
     </span>
    </p>

    <p class='ocr_par' dir='ltr' id='par_1_7' title="bbox 99 1287 1707 1461">
     <span class='ocr_line' id='line_1_12' title="bbox 99 1287 1707 1461; baseline 0.005 -26"><span class='ocrx_word' id='word_1_105' title='bbox 99 1366 165 1441; x_wconf 77' lang='lat' dir='ltr'>dein</span> <span class='ocrx_word' id='word_1_106' title='bbox 189 1358 418 1456; x_wconf 86' lang='lat' dir='ltr'>interpretis</span> <span class='ocrx_word' id='word_1_107' title='bbox 442 1356 594 1453; x_wconf 88' lang='lat' dir='ltr'>epistola</span> <span class='ocrx_word' id='word_1_108' title='bbox 617 1358 665 1432; x_wconf 87' lang='lat' dir='ltr'>ad</span> <span class='ocrx_word' id='word_1_109' title='bbox 687 1356 961 1452; x_wconf 86' lang='lat' dir='ltr'>Magistratum,</span> <span class='ocrx_word' id='word_1_110' title='bbox 997 1357 1035 1435; x_wconf 75' lang='grc' dir='ltr'>δι</span> <span class='ocrx_word' id='word_1_111' title='bbox 1060 1359 1162 1434; x_wconf 88' lang='lat' dir='ltr'>cives</span> <span class='ocrx_word' id='word_1_112' title='bbox 1182 1359 1283 1435; x_wconf 91' lang='lat' dir='ltr'>urbis</span> <span class='ocrx_word' id='word_1_113' title='bbox 1304 1287 1473 1438; x_wconf 75' lang='lat' dir='ltr'>Seneniis</span> <span class='ocrx_word' id='word_1_114' title='bbox 1499 1386 1572 1461; x_wconf 92' lang='lat' dir='ltr'>qua</span> <span class='ocrx_word' id='word_1_115' title='bbox 1592 1365 1707 1443; x_wconf 90' lang='lat' dir='ltr'>libros</span> 
     </span>
    </p>

    <p class='ocr_par' dir='ltr' id='par_1_8' title="bbox 91 1453 1706 1557">
     <span class='ocr_line' id='line_1_13' title="bbox 91 1453 1706 1557; baseline 0.005 -24"><span class='ocrx_word' id='word_1_116' title='bbox 91 1460 234 1538; x_wconf 70' lang='lat' dir='ltr'>eudem</span> <span class='ocrx_word' id='word_1_117' title='bbox 276 1456 391 1532; x_wconf 85' lang='lat' dir='ltr'>offert</span> <span class='ocrx_word' id='word_1_118' title='bbox 422 1454 557 1531; x_wconf 87' lang='lat' dir='ltr'>iisdem</span> <span class='ocrx_word' id='word_1_119' title='bbox 584 1455 623 1529; x_wconf 92' lang='lat' dir='ltr'>in</span> <span class='ocrx_word' id='word_1_120' title='bbox 654 1457 752 1550; x_wconf 88' lang='lat' dir='ltr'>grati</span> <span class='ocrx_word' id='word_1_121' title='bbox 782 1455 897 1531; x_wconf 92' lang='lat' dir='ltr'>animi</span> <span class='ocrx_word' id='word_1_122' title='bbox 921 1453 1225 1550; x_wconf 82' lang='lat' dir='ltr'>significationem</span> <span class='ocrx_word' id='word_1_123' title='bbox 1253 1479 1320 1554; x_wconf 92' lang='lat' dir='ltr'>pro</span> <span class='ocrx_word' id='word_1_124' title='bbox 1344 1457 1517 1557; x_wconf 80' lang='lat' dir='ltr'>singulari</span> <span class='ocrx_word' id='word_1_125' title='bbox 1543 1462 1706 1549; x_wconf 85' lang='lat' dir='ltr'>honore.</span> 
     </span>
    </p>

    <p class='ocr_par' dir='ltr' id='par_1_9' title="bbox 164 1552 1710 1648">
     <span class='ocr_line' id='line_1_14' title="bbox 164 1552 1710 1648; baseline 0.003 -15"><span class='ocrx_word' id='word_1_126' title='bbox 164 1579 264 1633; x_wconf 87' lang='lat' dir='ltr'>eum</span> <span class='ocrx_word' id='word_1_127' title='bbox 291 1553 525 1638; x_wconf 86' lang='lat' dir='ltr'>adfecerant,</span> <span class='ocrx_word' id='word_1_128' title='bbox 550 1575 636 1628; x_wconf 91' lang='lat' dir='ltr'>cum</span> <span class='ocrx_word' id='word_1_129' title='bbox 657 1552 705 1627; x_wconf 89' lang='lat' dir='ltr'>ad</span> <span class='ocrx_word' id='word_1_130' title='bbox 726 1552 856 1626; x_wconf 88' lang='lat' dir='ltr'>balnea</span> <span class='ocrx_word' id='word_1_131' title='bbox 878 1552 1084 1648; x_wconf 85' lang='lat' dir='ltr'>petriolana</span> <span class='ocrx_word' id='word_1_132' title='bbox 1104 1554 1277 1633; x_wconf 80' lang='lat' dir='ltr'>curandae</span> <span class='ocrx_word' id='word_1_133' title='bbox 1296 1555 1525 1639; x_wconf 84' lang='lat' dir='ltr'>valetudinis·</span> <span class='ocrx_word' id='word_1_134' title='bbox 1534 1559 1640 1637; x_wconf 89' lang='lat' dir='ltr'>causa</span> <span class='ocrx_word' id='word_1_135' title='bbox 1654 1561 1710 1639; x_wconf 86' lang='lat' dir='ltr'>es·</span> 
     </span>
    </p>

    <p class='ocr_par' dir='ltr' id='par_1_10' title="bbox 86 1581 1707 1754">
     <span class='ocr_line' id='line_1_15' title="bbox 86 1581 1707 1754; baseline 0.003 -21"><span class='ocrx_word' id='word_1_136' title='bbox 86 1581 359 1754; x_wconf 44' lang='lat' dir='ltr'>&amp;profereus</span> <span class='ocrx_word' id='word_1_137' title='bbox 406 1649 553 1746; x_wconf 83' lang='lat' dir='ltr'>Scripta</span> <span class='ocrx_word' id='word_1_138' title='bbox 573 1649 655 1726; x_wconf 77' lang='lat' dir='ltr'>haec</span> <span class='ocrx_word' id='word_1_139' title='bbox 671 1649 821 1746; x_wconf 87' lang='lat' dir='ltr'>epistola</span> <span class='ocrx_word' id='word_1_140' title='bbox 836 1649 887 1725; x_wconf 86' lang='lat' dir='ltr'>est</span> <span class='ocrx_word' id='word_1_141' title='bbox 900 1649 1118 1738; x_wconf 79' lang='lat' dir='ltr'>Florentiae,</span> <span class='ocrx_word' id='word_1_142' title='bbox 1140 1653 1205 1728; x_wconf 91' lang='lat' dir='ltr'>ubi</span> <span class='ocrx_word' id='word_1_143' title='bbox 1226 1652 1434 1739; x_wconf 83' lang='lat' dir='ltr'>cancellarii</span> <span class='ocrx_word' id='word_1_144' title='bbox 1451 1680 1603 1735; x_wconf 88' lang='lat' dir='ltr'>munere</span> <span class='ocrx_word' id='word_1_145' title='bbox 1615 1660 1707 1737; x_wconf 88' lang='lat' dir='ltr'>sun·</span> 
     </span>
    </p>

    <p class='ocr_par' dir='ltr' id='par_1_11' title="bbox 10 1747 1780 1949">
     <span class='ocr_line' id='line_1_16' title="bbox 87 1747 1780 1851; baseline -0.001 -22"><span class='ocrx_word' id='word_1_146' title='bbox 87 1755 235 1851; x_wconf 78' lang='lat' dir='ltr'>gebatur</span> <span class='ocrx_word' id='word_1_147' title='bbox 262 1748 409 1835; x_wconf 77' lang='lat' dir='ltr'>auster,</span> <span class='ocrx_word' id='word_1_148' title='bbox 435 1747 551 1824; x_wconf 69' lang='lat' dir='ltr'>oriar.</span> <span class='ocrx_word' id='word_1_149' title='bbox 574 1747 655 1825; x_wconf 87' lang='lat' dir='ltr'>Kal.</span> <span class='ocrx_word' id='word_1_150' title='bbox 678 1747 893 1823; x_wconf 87' lang='lat' dir='ltr'>Decembris</span> <span class='ocrx_word' id='word_1_151' title='bbox 909 1760 980 1824; x_wconf 76' lang='lat' dir='ltr'>aiio</span> <span class='ocrx_word' id='word_1_152' title='bbox 1001 1749 1064 1824; x_wconf 82' lang='lat' dir='ltr'>dfii</span> <span class='ocrx_word' id='word_1_153' title='bbox 1090 1766 1192 1849; x_wconf 79' lang='lat'><strong>1438.</strong></span> <span class='ocrx_word' id='word_1_154' title='bbox 1244 1747 1397 1848; x_wconf 69' lang='lat' dir='ltr'>adjecta</span> <span class='ocrx_word' id='word_1_155' title='bbox 1416 1752 1467 1829; x_wconf 86' lang='lat' dir='ltr'>est</span> <span class='ocrx_word' id='word_1_156' title='bbox 1485 1756 1637 1837; x_wconf 85' lang='lat' dir='ltr'>tandem</span> <span class='ocrx_word' id='word_1_157' title='bbox 1650 1760 1717 1843; x_wconf 58' lang='lat' dir='ltr'>civ</span> <span class='ocrx_word' id='word_1_158' title='bbox 1775 1818 1780 1827; x_wconf 86' lang='lat'><strong>.</strong></span> 
     </span>
     <span class='ocr_line' id='line_1_17' title="bbox 10 1841 1746 1949; baseline 0.004 -26"><span class='ocrx_word' id='word_1_159' title='bbox 10 1918 12 1923; x_wconf 86' lang='lat'><strong>.</strong></span> <span class='ocrx_word' id='word_1_160' title='bbox 89 1852 179 1927; x_wconf 84' lang='lat' dir='ltr'>rium</span> <span class='ocrx_word' id='word_1_161' title='bbox 194 1843 420 1926; x_wconf 81' lang='lat' dir='ltr'>senensium</span> <span class='ocrx_word' id='word_1_162' title='bbox 440 1844 602 1940; x_wconf 85' lang='lat' dir='ltr'>Epistola</span> <span class='ocrx_word' id='word_1_163' title='bbox 624 1846 671 1920; x_wconf 84' lang='lat' dir='ltr'>ad</span> <span class='ocrx_word' id='word_1_164' title='bbox 694 1845 930 1921; x_wconf 87' lang='lat' dir='ltr'>Leonarduni</span> <span class='ocrx_word' id='word_1_165' title='bbox 952 1841 1152 1923; x_wconf 87' lang='lat' dir='ltr'>Aretinum</span> <span class='ocrx_word' id='word_1_166' title='bbox 1175 1847 1413 1944; x_wconf 89' lang='lat' dir='ltr'>responsoria,</span> <span class='ocrx_word' id='word_1_167' title='bbox 1454 1874 1527 1949; x_wconf 92' lang='lat' dir='ltr'>qua</span> <span class='ocrx_word' id='word_1_168' title='bbox 1550 1853 1706 1949; x_wconf 84' lang='lat' dir='ltr'>gratissi·</span> <span class='ocrx_word' id='word_1_169' title='bbox 1743 1866 1746 1873; x_wconf 86' lang='grc'><strong>’</strong></span> 
     </span>
    </p>
   </div>
   <div class='ocr_carea' id='block_1_5' title="bbox 30 1940 1855 2041">
    <p class='ocr_par' dir='ltr' id='par_1_12' title="bbox 30 1940 1855 2041">
     <span class='ocr_line' id='line_1_18' title="bbox 30 1940 1855 2041; baseline 0.001 -15"><span class='ocrx_word' id='word_1_170' title='bbox 30 2028 33 2033; x_wconf 79' lang='grc'><strong>,</strong></span> <span class='ocrx_word' id='word_1_171' title='bbox 95 1972 180 2025; x_wconf 83' lang='lat' dir='ltr'>mim</span> <span class='ocrx_word' id='word_1_172' title='bbox 203 1945 273 2022; x_wconf 90' lang='lat' dir='ltr'>sibi</span> <span class='ocrx_word' id='word_1_173' title='bbox 295 1943 400 2020; x_wconf 89' lang='lat' dir='ltr'>fuisse</span> <span class='ocrx_word' id='word_1_174' title='bbox 420 1942 597 2019; x_wconf 89' lang='lat' dir='ltr'>testantur</span> <span class='ocrx_word' id='word_1_175' title='bbox 620 1944 690 2018; x_wconf 94' lang='lat' dir='ltr'>hoc</span> <span class='ocrx_word' id='word_1_176' title='bbox 718 1966 864 2017; x_wconf 91' lang='lat' dir='ltr'>munus.</span> <span class='ocrx_word' id='word_1_177' title='bbox 929 1940 1022 2018; x_wconf 89' lang='lat' dir='ltr'>Haec</span> <span class='ocrx_word' id='word_1_178' title='bbox 1046 1944 1197 2041; x_wconf 87' lang='lat' dir='ltr'>epistola</span> <span class='ocrx_word' id='word_1_179' title='bbox 1224 1947 1312 2020; x_wconf 82' lang='lat' dir='ltr'>data</span> <span class='ocrx_word' id='word_1_180' title='bbox 1339 1947 1389 2022; x_wconf 89' lang='lat' dir='ltr'>est</span> <span class='ocrx_word' id='word_1_181' title='bbox 1417 1948 1527 2024; x_wconf 92' lang='lat' dir='ltr'>Senis</span> <span class='ocrx_word' id='word_1_182' title='bbox 1557 1953 1618 2026; x_wconf 92' lang='lat' dir='ltr'>die</span> <span class='ocrx_word' id='word_1_183' title='bbox 1646 1968 1703 2038; x_wconf 86' lang='lat'>28.</span> <span class='ocrx_word' id='word_1_184' title='bbox 1812 2004 1855 2038; x_wconf 30' lang='grc' dir='ltr'>μ</span> 
     </span>
    </p>
   </div>
   <div class='ocr_carea' id='block_1_6' title="bbox 98 2036 1706 2145">
    <p class='ocr_par' dir='ltr' id='par_1_13' title="bbox 98 2036 1706 2145">
     <span class='ocr_line' id='line_1_19' title="bbox 98 2036 1706 2145; baseline 0.005 -28"><span class='ocrx_word' id='word_1_185' title='bbox 98 2045 275 2123; x_wconf 85' lang='lat' dir='ltr'>beeembr.</span> <span class='ocrx_word' id='word_1_186' title='bbox 305 2056 408 2138; x_wconf 86' lang='lat'><strong>1438.</strong></span> <span class='ocrx_word' id='word_1_187' title='bbox 485 2036 612 2137; x_wconf 84' lang='lat' dir='ltr'>Atque</span> <span class='ocrx_word' id='word_1_188' title='bbox 635 2042 696 2117; x_wconf 92' lang='lat' dir='ltr'>hic</span> <span class='ocrx_word' id='word_1_189' title='bbox 719 2039 804 2114; x_wconf 88' lang='lat' dir='ltr'>finis</span> <span class='ocrx_word' id='word_1_190' title='bbox 827 2039 877 2115; x_wconf 87' lang='lat' dir='ltr'>est</span> <span class='ocrx_word' id='word_1_191' title='bbox 900 2039 1100 2118; x_wconf 91' lang='lat' dir='ltr'>voluminis</span> <span class='ocrx_word' id='word_1_192' title='bbox 1124 2044 1163 2116; x_wconf 92' lang='lat' dir='ltr'>in</span> <span class='ocrx_word' id='word_1_193' title='bbox 1190 2043 1315 2118; x_wconf 90' lang='lat' dir='ltr'>aversa</span> <span class='ocrx_word' id='word_1_194' title='bbox 1343 2045 1423 2120; x_wconf 92' lang='lat' dir='ltr'>solii</span> <span class='ocrx_word' id='word_1_195' title='bbox 1449 2055 1528 2141; x_wconf 82' lang='lat' dir='ltr'>iob.</span> <span class='ocrx_word' id='word_1_196' title='bbox 1551 2051 1706 2145; x_wconf 87' lang='lat' dir='ltr'>pagina,</span> 
     </span>
    </p>
   </div>
   <div class='ocr_carea' id='block_1_7' title="bbox 101 2136 1884 2242">
    <p class='ocr_par' dir='ltr' id='par_1_14' title="bbox 101 2136 1884 2242">
     <span class='ocr_line' id='line_1_20' title="bbox 101 2136 1884 2242; baseline -0.004 -20"><span class='ocrx_word' id='word_1_197' title='bbox 101 2143 176 2220; x_wconf 84' lang='lat' dir='ltr'>inea</span> <span class='ocrx_word' id='word_1_198' title='bbox 192 2169 253 2221; x_wconf 83' lang='grc' dir='ltr'>ιι.</span> <span class='ocrx_word' id='word_1_199' title='bbox 305 2139 417 2216; x_wconf 90' lang='lat' dir='ltr'>Patet</span> <span class='ocrx_word' id='word_1_200' title='bbox 429 2162 477 2214; x_wconf 87' lang='lat' dir='ltr'>ex</span> <span class='ocrx_word' id='word_1_201' title='bbox 494 2138 581 2213; x_wconf 85' lang='lat' dir='ltr'>data</span> <span class='ocrx_word' id='word_1_202' title='bbox 603 2139 777 2215; x_wconf 77' lang='lat' dir='ltr'>liaste&#39;iius</span> <span class='ocrx_word' id='word_1_203' title='bbox 794 2137 1055 2234; x_wconf 87' lang='lat' dir='ltr'>descriptione,</span> <span class='ocrx_word' id='word_1_204' title='bbox 1082 2141 1283 2216; x_wconf 87' lang='lat' dir='ltr'>editionem</span> <span class='ocrx_word' id='word_1_205' title='bbox 1299 2140 1393 2216; x_wconf 87' lang='lat' dir='ltr'>hanc</span> <span class='ocrx_word' id='word_1_206' title='bbox 1410 2144 1705 2242; x_wconf 82' lang='lat' dir='ltr'>antiquissimam,</span> <span class='ocrx_word' id='word_1_207' title='bbox 1773 2167 1776 2172; x_wconf 91' lang='grc'><em>·</em></span> <span class='ocrx_word' id='word_1_208' title='bbox 1880 2136 1884 2145; x_wconf 81' lang='grc'><strong>’</strong></span> 
     </span>
    </p>
   </div>
   <div class='ocr_carea' id='block_1_8' title="bbox 103 2234 1704 2416">
    <p class='ocr_par' dir='ltr' id='par_1_15' title="bbox 103 2234 1704 2416">
     <span class='ocr_line' id='line_1_21' title="bbox 103 2234 1704 2416; baseline 0.001 -99"><span class='ocrx_word' id='word_1_209' title='bbox 103 2240 238 2416; x_wconf 54' lang='lat' dir='ltr'>me</span> <span class='ocrx_word' id='word_1_210' title='bbox 259 2237 429 2315; x_wconf 88' lang='lat' dir='ltr'>omnium</span> <span class='ocrx_word' id='word_1_211' title='bbox 448 2236 607 2336; x_wconf 89' lang='lat' dir='ltr'>primam</span> <span class='ocrx_word' id='word_1_212' title='bbox 626 2235 714 2326; x_wconf 87' lang='lat' dir='ltr'>esse,</span> <span class='ocrx_word' id='word_1_213' title='bbox 740 2234 864 2311; x_wconf 90' lang='lat' dir='ltr'>saltem</span> <span class='ocrx_word' id='word_1_214' title='bbox 889 2248 976 2343; x_wconf 83' lang='lat' dir='ltr'>ante</span> <span class='ocrx_word' id='word_1_215' title='bbox 996 2259 1135 2313; x_wconf 85' lang='lat' dir='ltr'>anniun</span> <span class='ocrx_word' id='word_1_216' title='bbox 1160 2265 1264 2339; x_wconf 77' lang='lat'><strong>1477.</strong></span> <span class='ocrx_word' id='word_1_217' title='bbox 1289 2240 1411 2338; x_wconf 84' lang='lat' dir='ltr'>aJoh.</span> <span class='ocrx_word' id='word_1_218' title='bbox 1434 2243 1617 2319; x_wconf 88' lang='lat' dir='ltr'>Mentelin</span> <span class='ocrx_word' id='word_1_219' title='bbox 1635 2269 1704 2321; x_wconf 84' lang='lat' dir='ltr'>ex·</span> 
     </span>
    </p>
   </div>
   <div class='ocr_carea' id='block_1_9' title="bbox 45 2541 1699 2748">
    <p class='ocr_par' dir='ltr' id='par_1_16' title="bbox 45 2541 1699 2748">
     <span class='ocr_line' id='line_1_22' title="bbox 103 2541 1699 2651; baseline 0.004 -26"><span class='ocrx_word' id='word_1_220' title='bbox 103 2544 364 2627; x_wconf 76' lang='lat' dir='ltr'><em>GEORGIUS</em></span> <span class='ocrx_word' id='word_1_221' title='bbox 384 2542 622 2633; x_wconf 84' lang='lat' dir='ltr'><em>HUSNER,</em></span> <span class='ocrx_word' id='word_1_222' title='bbox 651 2543 692 2623; x_wconf 70' lang='lat' dir='ltr'>ss</span> <span class='ocrx_word' id='word_1_223' title='bbox 715 2541 838 2650; x_wconf 55' lang='grc' dir='ltr'>ρῗθΗ.</span> <span class='ocrx_word' id='word_1_224' title='bbox 864 2542 1211 2635; x_wconf 85' lang='lat' dir='ltr'><em>BECKENHUB,</em></span> <span class='ocrx_word' id='word_1_225' title='bbox 1237 2543 1699 2651; x_wconf 72' lang='lat' dir='ltr'>dequibusfiipraNVII.</span> 
     </span>
     <span class='ocr_line' id='line_1_23' title="bbox 45 2642 1317 2748; baseline -0.002 -26"><span class='ocrx_word' id='word_1_226' title='bbox 45 2728 50 2741; x_wconf 62' lang='grc'>,</span> <span class='ocrx_word' id='word_1_227' title='bbox 166 2647 260 2748; x_wconf 83' lang='lat' dir='ltr'>seqq.</span> <span class='ocrx_word' id='word_1_228' title='bbox 293 2644 417 2722; x_wconf 79' lang='lat' dir='ltr'>tibrum</span> <span class='ocrx_word' id='word_1_229' title='bbox 439 2647 537 2719; x_wconf 83' lang='lat' dir='ltr'>etiam</span> <span class='ocrx_word' id='word_1_230' title='bbox 554 2644 739 2743; x_wconf 80' lang='lat' dir='ltr'>sequentem</span> <span class='ocrx_word' id='word_1_231' title='bbox 763 2642 1001 2745; x_wconf 79' lang='lat' dir='ltr'>imprrffirunt.</span> <span class='ocrx_word' id='word_1_232' title='bbox 1306 2686 1317 2711; x_wconf 57' lang='lat' dir='ltr'>x</span> 
     </span>
    </p>
   </div>
   <div class='ocr_carea' id='block_1_10' title="bbox 51 2774 1843 3077">
    <p class='ocr_par' dir='ltr' id='par_1_17' title="bbox 51 2774 1843 3077">
     <span class='ocr_line' id='line_1_24' title="bbox 51 2774 1843 2941; baseline 0.001 -25"><span class='ocrx_word' id='word_1_233' title='bbox 51 2774 55 2779; x_wconf 20' lang='grc' dir='ltr'>Ι</span> <span class='ocrx_word' id='word_1_234' title='bbox 95 2821 187 2937; x_wconf 81' lang='lat' dir='ltr'>Lis.</span> <span class='ocrx_word' id='word_1_235' title='bbox 211 2807 446 2930; x_wconf 72' lang='lat' dir='ltr'>Laurentii</span> <span class='ocrx_word' id='word_1_236' title='bbox 480 2814 926 2941; x_wconf 73' lang='lat' dir='ltr'>Valsenfis·0rul0ris</span> <span class='ocrx_word' id='word_1_237' title='bbox 948 2814 1180 2938; x_wconf 76' lang='lat' dir='ltr'>Clariffimi</span> <span class='ocrx_word' id='word_1_238' title='bbox 1206 2817 1272 2910; x_wconf 83' lang='lat' dir='ltr'>Dr</span> <span class='ocrx_word' id='word_1_239' title='bbox 1295 2815 1456 2912; x_wconf 79' lang='lat' dir='ltr'>Libero</span> <span class='ocrx_word' id='word_1_240' title='bbox 1484 2825 1694 2919; x_wconf 79' lang='lat' dir='ltr'>Arbitrio</span> <span class='ocrx_word' id='word_1_241' title='bbox 1837 2869 1843 2877; x_wconf 53' lang='lat'><em>⁷</em></span> 
     </span>
     <span class='ocr_line' id='line_1_25' title="bbox 190 2930 1493 3077; baseline -0.004 -48"><span class='ocrx_word' id='word_1_242' title='bbox 190 2930 255 3029; x_wconf 80' lang='lat' dir='ltr'>Et</span> <span class='ocrx_word' id='word_1_243' title='bbox 284 2932 568 3032; x_wconf 80' lang='lat' dir='ltr'>Providentia</span> <span class='ocrx_word' id='word_1_244' title='bbox 595 2935 773 3027; x_wconf 81' lang='lat' dir='ltr'>Divina.</span> <span class='ocrx_word' id='word_1_245' title='bbox 805 2931 1083 3026; x_wconf 65' lang='lat' dir='ltr'>Tartarum</span> <span class='ocrx_word' id='word_1_246' title='bbox 1099 2935 1293 3045; x_wconf 75' lang='lat' dir='ltr'>feliciter</span> <span class='ocrx_word' id='word_1_247' title='bbox 1317 2935 1493 3077; x_wconf 77' lang='lat' dir='ltr'>Incipit.</span> 
     </span>
    </p>
   </div>
   <div class='ocr_carea' id='block_1_11' title="bbox 86 3111 1782 3315">
    <p class='ocr_par' dir='ltr' id='par_1_18' title="bbox 86 3111 1782 3315">
     <span class='ocr_line' id='line_1_26' title="bbox 174 3111 1782 3216; baseline -0.002 -20"><span class='ocrx_word' id='word_1_248' title='bbox 174 3119 253 3196; x_wconf 90' lang='lat' dir='ltr'>Hic</span> <span class='ocrx_word' id='word_1_249' title='bbox 271 3117 370 3216; x_wconf 88' lang='lat' dir='ltr'>quasi</span> <span class='ocrx_word' id='word_1_250' title='bbox 394 3117 526 3192; x_wconf 91' lang='lat' dir='ltr'>titulus</span> <span class='ocrx_word' id='word_1_251' title='bbox 545 3119 584 3192; x_wconf 88' lang='lat' dir='ltr'>in</span> <span class='ocrx_word' id='word_1_252' title='bbox 600 3116 723 3191; x_wconf 88' lang='lat' dir='ltr'>fronte</span> <span class='ocrx_word' id='word_1_253' title='bbox 743 3115 872 3211; x_wconf 82' lang='lat' dir='ltr'>primae</span> <span class='ocrx_word' id='word_1_254' title='bbox 894 3115 1038 3211; x_wconf 83' lang='lat' dir='ltr'>paginae</span> <span class='ocrx_word' id='word_1_255' title='bbox 1062 3114 1215 3208; x_wconf 89' lang='lat' dir='ltr'>legitur,</span> <span class='ocrx_word' id='word_1_256' title='bbox 1240 3111 1447 3212; x_wconf 84' lang='lat' dir='ltr'>majusculis</span> <span class='ocrx_word' id='word_1_257' title='bbox 1469 3117 1605 3192; x_wconf 88' lang='lat' dir='ltr'>litteris</span> <span class='ocrx_word' id='word_1_258' title='bbox 1626 3142 1697 3214; x_wconf 84' lang='lat' dir='ltr'>go·</span> <span class='ocrx_word' id='word_1_259' title='bbox 1756 3118 1782 3213; x_wconf 14' lang='lat' dir='ltr'>t&#39;</span> 
     </span>
     <span class='ocr_line' id='line_1_27' title="bbox 86 3212 1774 3315; baseline -0.003 -20"><span class='ocrx_word' id='word_1_260' title='bbox 86 3217 189 3295; x_wconf 82' lang='lat' dir='ltr'>thicis</span> <span class='ocrx_word' id='word_1_261' title='bbox 211 3215 414 3315; x_wconf 86' lang='lat' dir='ltr'>impressus.</span> <span class='ocrx_word' id='word_1_262' title='bbox 480 3215 522 3289; x_wconf 91' lang='lat' dir='ltr'>hi</span> <span class='ocrx_word' id='word_1_263' title='bbox 544 3213 703 3309; x_wconf 89' lang='lat' dir='ltr'>Prologo</span> <span class='ocrx_word' id='word_1_264' title='bbox 731 3214 778 3286; x_wconf 91' lang='lat' dir='ltr'>ad</span> <span class='ocrx_word' id='word_1_265' title='bbox 799 3213 982 3299; x_wconf 88' lang='lat' dir='ltr'>Gariiani,</span> <span class='ocrx_word' id='word_1_266' title='bbox 1016 3235 1127 3307; x_wconf 90' lang='lat' dir='ltr'>quem</span> <span class='ocrx_word' id='word_1_267' title='bbox 1155 3212 1415 3308; x_wconf 83' lang='lat' dir='ltr'>Episcoporum</span> <span class='ocrx_word' id='word_1_268' title='bbox 1439 3213 1696 3305; x_wconf 76' lang='lat' dir='ltr'>dosiislimum,</span> <span class='ocrx_word' id='word_1_269' title='bbox 1770 3232 1774 3237; x_wconf 84' lang='lat'>&#39;</span> 
     </span>
    </p>
   </div>
   <div class='ocr_carea' id='block_1_12' title="bbox 80 3309 1893 3415">
    <p class='ocr_par' dir='ltr' id='par_1_19' title="bbox 80 3309 1893 3415">
     <span class='ocr_line' id='line_1_28' title="bbox 80 3309 1893 3415; baseline -0.002 -21"><span class='ocrx_word' id='word_1_270' title='bbox 80 3314 319 3415; x_wconf 73' lang='lat' dir='ltr'>&amp;optimm</span> <span class='ocrx_word' id='word_1_271' title='bbox 340 3313 518 3409; x_wconf 82' lang='lat' dir='ltr'>adpellat,</span> <span class='ocrx_word' id='word_1_272' title='bbox 547 3325 677 3387; x_wconf 89' lang='lat' dir='ltr'>contra</span> <span class='ocrx_word' id='word_1_273' title='bbox 700 3333 766 3386; x_wconf 92' lang='lat' dir='ltr'>eos</span> <span class='ocrx_word' id='word_1_274' title='bbox 789 3311 972 3406; x_wconf 90' lang='lat' dir='ltr'>queritur,</span> <span class='ocrx_word' id='word_1_275' title='bbox 1010 3310 1135 3406; x_wconf 88' lang='lat' dir='ltr'>quiin</span> <span class='ocrx_word' id='word_1_276' title='bbox 1159 3309 1394 3404; x_wconf 86' lang='lat' dir='ltr'>Theologicis</span> <span class='ocrx_word' id='word_1_277' title='bbox 1430 3311 1692 3407; x_wconf 81' lang='lat' dir='ltr'>quaestionibus</span> <span class='ocrx_word' id='word_1_278' title='bbox 1848 3392 1851 3397; x_wconf 81' lang='grc'>,</span> <span class='ocrx_word' id='word_1_279' title='bbox 1888 3394 1893 3411; x_wconf 40' lang='lat'><strong>¹</strong></span> 
     </span>
    </p>
   </div>
   <div class='ocr_carea' id='block_1_13' title="bbox 52 3407 1814 4783">
    <p class='ocr_par' dir='ltr' id='par_1_20' title="bbox 52 3407 1814 4783">
     <span class='ocr_line' id='line_1_29' title="bbox 79 3407 1694 3491; baseline -0.001 0"><span class='ocrx_word' id='word_1_280' title='bbox 79 3415 232 3491; x_wconf 77' lang='lat' dir='ltr'>nimium</span> <span class='ocrx_word' id='word_1_281' title='bbox 259 3413 422 3490; x_wconf 87' lang='lat' dir='ltr'>tribuere</span> <span class='ocrx_word' id='word_1_282' title='bbox 451 3409 566 3486; x_wconf 91' lang='lat' dir='ltr'>solent</span> <span class='ocrx_word' id='word_1_283' title='bbox 592 3408 735 3484; x_wconf 92' lang='lat' dir='ltr'>Philoso</span> <span class='ocrx_word' id='word_1_284' title='bbox 760 3408 845 3484; x_wconf 87' lang='lat' dir='ltr'>hiae.</span> <span class='ocrx_word' id='word_1_285' title='bbox 920 3409 1037 3482; x_wconf 90' lang='lat' dir='ltr'>Porro</span> <span class='ocrx_word' id='word_1_286' title='bbox 1066 3409 1163 3483; x_wconf 92' lang='lat' dir='ltr'>hunc</span> <span class='ocrx_word' id='word_1_287' title='bbox 1194 3409 1239 3483; x_wconf 92' lang='lat' dir='ltr'>de</span> <span class='ocrx_word' id='word_1_288' title='bbox 1267 3407 1508 3484; x_wconf 87' lang='lat' dir='ltr'>Providentia</span> <span class='ocrx_word' id='word_1_289' title='bbox 1527 3407 1694 3489; x_wconf 88' lang='lat' dir='ltr'>libellum</span> 
     </span>
     <span class='ocr_line' id='line_1_30' title="bbox 76 3504 1750 3617; baseline -0.004 -28"><span class='ocrx_word' id='word_1_290' title='bbox 76 3511 197 3589; x_wconf 68' lang='lat' dir='ltr'>naor</span> <span class='ocrx_word' id='word_1_291' title='bbox 228 3524 358 3586; x_wconf 90' lang='lat' dir='ltr'>contra</span> <span class='ocrx_word' id='word_1_292' title='bbox 388 3508 538 3583; x_wconf 90' lang='lat' dir='ltr'>Boethii</span> <span class='ocrx_word' id='word_1_293' title='bbox 562 3506 696 3581; x_wconf 89' lang='lat' dir='ltr'>librum</span> <span class='ocrx_word' id='word_1_294' title='bbox 749 3562 757 3579; x_wconf 92' lang='lat'><strong>.</strong></span> <span class='ocrx_word' id='word_1_295' title='bbox 789 3506 835 3580; x_wconf 89' lang='lat' dir='ltr'>de</span> <span class='ocrx_word' id='word_1_296' title='bbox 866 3505 1112 3580; x_wconf 88' lang='lat' dir='ltr'>consolatione</span> <span class='ocrx_word' id='word_1_297' title='bbox 1139 3504 1382 3617; x_wconf 82' lang='lat' dir='ltr'>Philosophiae</span> <span class='ocrx_word' id='word_1_298' title='bbox 1404 3506 1623 3603; x_wconf 91' lang='lat' dir='ltr'>composuit,</span> <span class='ocrx_word' id='word_1_299' title='bbox 1650 3509 1691 3584; x_wconf 90' lang='lat' dir='ltr'>in</span> <span class='ocrx_word' id='word_1_300' title='bbox 1733 3598 1750 3611; x_wconf 94' lang='lat'>..</span> 
     </span>
     <span class='ocr_line' id='line_1_31' title="bbox 74 3598 1808 3716; baseline -0.002 -30"><span class='ocrx_word' id='word_1_301' title='bbox 74 3610 225 3686; x_wconf 80' lang='lat' dir='ltr'>nodum</span> <span class='ocrx_word' id='word_1_302' title='bbox 248 3607 385 3703; x_wconf 89' lang='lat' dir='ltr'>dialogi</span> <span class='ocrx_word' id='word_1_303' title='bbox 406 3603 640 3700; x_wconf 89' lang='lat' dir='ltr'>interipsum</span> <span class='ocrx_word' id='word_1_304' title='bbox 661 3604 701 3681; x_wconf 80' lang='lat' dir='ltr'>dr</span> <span class='ocrx_word' id='word_1_305' title='bbox 726 3598 934 3714; x_wconf 83' lang='lat' dir='ltr'>Antonium</span> <span class='ocrx_word' id='word_1_306' title='bbox 959 3601 1132 3676; x_wconf 88' lang='lat' dir='ltr'>Glaream</span> <span class='ocrx_word' id='word_1_307' title='bbox 1158 3603 1286 3714; x_wconf 55' lang='lat' dir='ltr'>habiti.</span> <span class='ocrx_word' id='word_1_308' title='bbox 1361 3603 1523 3716; x_wconf 78' lang='lat' dir='ltr'>Libellus</span> <span class='ocrx_word' id='word_1_309' title='bbox 1546 3604 1693 3700; x_wconf 89' lang='lat' dir='ltr'>integer</span> <span class='ocrx_word' id='word_1_310' title='bbox 1733 3618 1737 3623; x_wconf 87' lang='lat'>&#39;</span> <span class='ocrx_word' id='word_1_311' title='bbox 1800 3622 1808 3637; x_wconf 88' lang='lat'>&#39;</span> 
     </span>
     <span class='ocr_line' id='line_1_32' title="bbox 74 3698 1814 3874; baseline -0.003 -92"><span class='ocrx_word' id='word_1_312' title='bbox 74 3706 200 3823; x_wconf 71' lang='lat' dir='ltr'>decern</span> <span class='ocrx_word' id='word_1_313' title='bbox 219 3706 321 3781; x_wconf 89' lang='lat' dir='ltr'>soliis</span> <span class='ocrx_word' id='word_1_314' title='bbox 342 3700 517 3801; x_wconf 78' lang='lat' dir='ltr'>impressis</span> <span class='ocrx_word' id='word_1_315' title='bbox 540 3700 749 3776; x_wconf 88' lang='lat' dir='ltr'>absolvitur.</span> <span class='ocrx_word' id='word_1_316' title='bbox 807 3700 969 3813; x_wconf 33' lang='lat' dir='ltr'>&#39;Litterae</span> <span class='ocrx_word' id='word_1_317' title='bbox 992 3698 1031 3776; x_wconf 78' lang='lat' dir='ltr'>di</span> <span class='ocrx_word' id='word_1_318' title='bbox 1053 3698 1200 3786; x_wconf 89' lang='lat' dir='ltr'>charta,</span> <span class='ocrx_word' id='word_1_319' title='bbox 1215 3722 1315 3874; x_wconf 62' lang='lat' dir='ltr'>rium</span> <span class='ocrx_word' id='word_1_320' title='bbox 1341 3713 1422 3775; x_wconf 88' lang='lat' dir='ltr'>tota</span> <span class='ocrx_word' id='word_1_321' title='bbox 1446 3702 1562 3777; x_wconf 86' lang='lat' dir='ltr'>facies</span> <span class='ocrx_word' id='word_1_322' title='bbox 1583 3718 1691 3779; x_wconf 86' lang='lat' dir='ltr'>exte·</span> <span class='ocrx_word' id='word_1_323' title='bbox 1811 3756 1814 3761; x_wconf 89' lang='lat'>-</span> 
     </span>
     <span class='ocr_line' id='line_1_33' title="bbox 71 3795 1197 3974; baseline -0.009 -93"><span class='ocrx_word' id='word_1_324' title='bbox 71 3803 248 3887; x_wconf 86' lang='lat' dir='ltr'>norsunt</span> <span class='ocrx_word' id='word_1_325' title='bbox 266 3798 422 3974; x_wconf 52' lang='grc' dir='ltr'>Ρῐοῑΐιιδεί</span> <span class='ocrx_word' id='word_1_326' title='bbox 439 3797 889 3971; x_wconf 49' lang='lat' dir='ltr'>haffliihiiciihioohfflbus</span> <span class='ocrx_word' id='word_1_327' title='bbox 914 3796 1019 3892; x_wconf 89' lang='lat' dir='ltr'>supra</span> <span class='ocrx_word' id='word_1_328' title='bbox 1039 3821 1101 3870; x_wconf 90' lang='lat' dir='ltr'>nn.</span> <span class='ocrx_word' id='word_1_329' title='bbox 1118 3795 1197 3872; x_wconf 88' lang='lat' dir='ltr'>Vll.</span> 
     </span>
     <span class='ocr_line' id='line_1_34' title="bbox 68 3900 1684 4115; baseline -0.003 -40"><span class='ocrx_word' id='word_1_330' title='bbox 68 3900 660 4115; x_wconf 54' lang='lat' dir='ltr'>hniboclhirhetrhterpnniiionis</span> <span class='ocrx_word' id='word_1_331' title='bbox 684 3990 835 4105; x_wconf 81' lang='lat' dir='ltr'>signum.</span> <span class='ocrx_word' id='word_1_332' title='bbox 901 3990 1240 4105; x_wconf 57' lang='lat' dir='ltr'>litteraeinitiales</span> <span class='ocrx_word' id='word_1_333' title='bbox 1263 3991 1375 4090; x_wconf 87' lang='lat' dir='ltr'>(duae</span> <span class='ocrx_word' id='word_1_334' title='bbox 1392 4008 1517 4068; x_wconf 90' lang='lat' dir='ltr'>autem</span> <span class='ocrx_word' id='word_1_335' title='bbox 1537 4008 1684 4070; x_wconf 84' lang='lat' dir='ltr'>tantum</span> 
     </span>
     <span class='ocr_line' id='line_1_35' title="bbox 68 4086 1685 4299; baseline -0.006 -25"><span class='ocrx_word' id='word_1_336' title='bbox 68 4094 428 4292; x_wconf 61' lang='lat' dir='ltr'>mihim</span> <span class='ocrx_word' id='word_1_337' title='bbox 454 4102 761 4264; x_wconf 70' lang='lat' dir='ltr'>ihzihiih</span> <span class='ocrx_word' id='word_1_338' title='bbox 778 4086 1685 4299; x_wconf 65' lang='lat' dir='ltr'>iilae-hiiahliiiiilihalih</span> 
     </span>
     <span class='ocr_line' id='line_1_36' title="bbox 67 4281 1682 4396; baseline -0.007 -24"><span class='ocrx_word' id='word_1_339' title='bbox 67 4316 153 4371; x_wconf 85' lang='lat' dir='ltr'>cuin</span> <span class='ocrx_word' id='word_1_340' title='bbox 173 4292 359 4369; x_wconf 75' lang='lat' dir='ltr'>Latiantii</span> <span class='ocrx_word' id='word_1_341' title='bbox 379 4289 542 4366; x_wconf 91' lang='lat' dir='ltr'>editione</span> <span class='ocrx_word' id='word_1_342' title='bbox 568 4286 617 4361; x_wconf 90' lang='lat' dir='ltr'>ad</span> <span class='ocrx_word' id='word_1_343' title='bbox 640 4307 778 4360; x_wconf 89' lang='lat' dir='ltr'>annum</span> <span class='ocrx_word' id='word_1_344' title='bbox 807 4285 909 4383; x_wconf 82' lang='lat'><strong>1476.</strong></span> <span class='ocrx_word' id='word_1_345' title='bbox 936 4281 991 4395; x_wconf 63' lang='lat' dir='ltr'>N.</span> <span class='ocrx_word' id='word_1_346' title='bbox 1005 4283 1087 4373; x_wconf 82' lang='lat' dir='ltr'>XV.</span> <span class='ocrx_word' id='word_1_347' title='bbox 1114 4284 1226 4359; x_wconf 86' lang='lat' dir='ltr'>deseri</span> <span class='ocrx_word' id='word_1_348' title='bbox 1247 4296 1302 4396; x_wconf 77' lang='lat' dir='ltr'>ta.</span> <span class='ocrx_word' id='word_1_349' title='bbox 1361 4286 1566 4382; x_wconf 90' lang='lat' dir='ltr'>Utrumque</span> <span class='ocrx_word' id='word_1_350' title='bbox 1592 4307 1682 4360; x_wconf 87' lang='lat' dir='ltr'>vero</span> 
     </span>
     <span class='ocr_line' id='line_1_37' title="bbox 52 4306 1683 4508; baseline 0.004 -55"><span class='ocrx_word' id='word_1_351' title='bbox 52 4390 142 4493; x_wconf 69' lang='lat' dir='ltr'>,jam</span> <span class='ocrx_word' id='word_1_352' title='bbox 162 4388 397 4508; x_wconf 71' lang='lat' dir='ltr'>compatrum</span> <span class='ocrx_word' id='word_1_353' title='bbox 421 4386 605 4480; x_wconf 84' lang='lat' dir='ltr'>Georgius</span> <span class='ocrx_word' id='word_1_354' title='bbox 624 4384 773 4477; x_wconf 87' lang='lat' dir='ltr'>Zingel,</span> <span class='ocrx_word' id='word_1_355' title='bbox 794 4377 1029 4495; x_wconf 32' lang='lat' dir='ltr'>‘Academiae</span> <span class='ocrx_word' id='word_1_356' title='bbox 1052 4382 1182 4458; x_wconf 88' lang='lat' dir='ltr'>nostrae</span> <span class='ocrx_word' id='word_1_357' title='bbox 1207 4306 1297 4456; x_wconf 86' lang='lat' dir='ltr'>ohm</span> <span class='ocrx_word' id='word_1_358' title='bbox 1317 4383 1495 4499; x_wconf 76' lang='lat' dir='ltr'>Professor</span> <span class='ocrx_word' id='word_1_359' title='bbox 1521 4382 1561 4459; x_wconf 75' lang='lat' dir='ltr'>dt</span> <span class='ocrx_word' id='word_1_360' title='bbox 1589 4383 1683 4459; x_wconf 91' lang='lat' dir='ltr'>Pro·</span> 
     </span>
     <span class='ocr_line' id='line_1_38' title="bbox 64 4477 1785 4613; baseline -0.004 -50"><span class='ocrx_word' id='word_1_361' title='bbox 64 4489 308 4604; x_wconf 73' lang='lat' dir='ltr'>cancellarius</span> <span class='ocrx_word' id='word_1_362' title='bbox 337 4506 436 4600; x_wconf 74' lang='lat' dir='ltr'>anno</span> <span class='ocrx_word' id='word_1_363' title='bbox 461 4488 565 4582; x_wconf 79' lang='lat'><strong>1476.</strong></span> <span class='ocrx_word' id='word_1_364' title='bbox 594 4493 841 4603; x_wconf 84' lang='lat' dir='ltr'>comparavit,</span> <span class='ocrx_word' id='word_1_365' title='bbox 885 4478 1154 4591; x_wconf 24' lang='lat' dir='ltr'>utuipsemanu</span> <span class='ocrx_word' id='word_1_366' title='bbox 1177 4478 1238 4554; x_wconf 91' lang='lat' dir='ltr'>sua</span> <span class='ocrx_word' id='word_1_367' title='bbox 1261 4477 1454 4600; x_wconf 80' lang='lat' dir='ltr'>adscripsit.</span> <span class='ocrx_word' id='word_1_368' title='bbox 1521 4477 1687 4613; x_wconf 15' lang='lat' dir='ltr'>‘Oportet&#39;</span> <span class='ocrx_word' id='word_1_369' title='bbox 1779 4502 1785 4525; x_wconf 89' lang='grc'>··</span> 
     </span>
     <span class='ocr_line' id='line_1_39' title="bbox 65 4574 1795 4783; baseline -0.011 -113"><span class='ocrx_word' id='word_1_370' title='bbox 65 4602 181 4686; x_wconf 77' lang='lat' dir='ltr'>igitur</span> <span class='ocrx_word' id='word_1_371' title='bbox 194 4592 304 4671; x_wconf 80' lang='lat' dir='ltr'>bunc</span> <span class='ocrx_word' id='word_1_372' title='bbox 321 4583 489 4753; x_wconf 79' lang='lat' dir='ltr'>libellum</span> <span class='ocrx_word' id='word_1_373' title='bbox 506 4582 577 4656; x_wconf 91' lang='lat' dir='ltr'>hoc</span> <span class='ocrx_word' id='word_1_374' title='bbox 599 4578 725 4657; x_wconf 84' lang='lat' dir='ltr'>saltem</span> <span class='ocrx_word' id='word_1_375' title='bbox 747 4600 845 4655; x_wconf 90' lang='lat' dir='ltr'>anno</span> <span class='ocrx_word' id='word_1_376' title='bbox 852 4589 968 4752; x_wconf 68' lang='lat' dir='ltr'>1typis</span> <span class='ocrx_word' id='word_1_377' title='bbox 988 4574 1090 4654; x_wconf 84' lang='lat' dir='ltr'>fuisse</span> <span class='ocrx_word' id='word_1_378' title='bbox 1111 4576 1295 4783; x_wconf 82' lang='lat' dir='ltr'>excusum.</span> <span class='ocrx_word' id='word_1_379' title='bbox 1355 4636 1359 4641; x_wconf 82' lang='lat'><em>-</em></span> <span class='ocrx_word' id='word_1_380' title='bbox 1523 4638 1632 4750; x_wconf 44' lang='lat' dir='ltr'>PE·</span> <span class='ocrx_word' id='word_1_381' title='bbox 1713 4630 1746 4759; x_wconf 18' lang='lat'>·-</span> <span class='ocrx_word' id='word_1_382' title='bbox 1783 4754 1795 4765; x_wconf 23' lang='grc' dir='ltr'>ἱ</span> 
     </span>
    </p>
   </div>
   <div class='ocr_carea' id='block_1_14' title="bbox 0 0 1966 5176">
    <p class='ocr_par' dir='ltr' id='par_1_21' title="bbox 0 0 1966 5176">
     <span class='ocr_line' id='line_1_40' title="bbox 0 0 1966 5176; baseline 0 3"><span class='ocrx_word' id='word_1_383' title='bbox 0 0 1966 5176; x_wconf 95' lang='lat' dir='ltr'> </span> 
     </span>
    </p>
   </div>
   <div class='ocr_carea' id='block_1_15' title="bbox 769 3797 1826 3992">
    <p class='ocr_par' dir='ltr' id='par_1_22' title="bbox 769 3797 1826 3992">
     <span class='ocr_line' id='line_1_41' title="bbox 1251 3797 1826 3890; baseline 0.017 -19"><span class='ocrx_word' id='word_1_384' title='bbox 1251 3798 1453 3885; x_wconf 69' lang='lat' dir='ltr'>illatrix,</span> <span class='ocrx_word' id='word_1_385' title='bbox 1479 3797 1687 3890; x_wconf 80' lang='lat' dir='ltr'>recensitis,</span> <span class='ocrx_word' id='word_1_386' title='bbox 1757 3845 1762 3853; x_wconf 94' lang='lat'><em>·</em></span> <span class='ocrx_word' id='word_1_387' title='bbox 1823 3876 1826 3881; x_wconf 87' lang='lat'><strong>.</strong></span> 
     </span>
     <span class='ocr_line' id='line_1_42' title="bbox 769 3892 1819 3992; baseline 0.005 -24"><span class='ocrx_word' id='word_1_388' title='bbox 769 3896 974 3990; x_wconf 88' lang='lat' dir='ltr'>rgentorati</span> <span class='ocrx_word' id='word_1_389' title='bbox 999 3892 1184 3990; x_wconf 90' lang='lat' dir='ltr'>impressis.</span> <span class='ocrx_word' id='word_1_390' title='bbox 1248 3896 1390 3971; x_wconf 84' lang='lat' dir='ltr'>Praeter</span> <span class='ocrx_word' id='word_1_391' title='bbox 1409 3895 1582 3992; x_wconf 73' lang='lat' dir='ltr'>punitum</span> <span class='ocrx_word' id='word_1_392' title='bbox 1602 3899 1685 3973; x_wconf 91' lang='lat' dir='ltr'>nul-</span> <span class='ocrx_word' id='word_1_393' title='bbox 1815 3931 1819 3937; x_wconf 93' lang='lat'><strong>·</strong></span> 
     </span>
    </p>
   </div>
  </div>
 </body>
</html>
