3892 5182
524 1076 1270 1220 remunito.

47 1502 52 1511 ’
84 1414 206 1641 Jarn
232 1508 321 1605 tres
346 1508 439 1602 sere
468 1512 569 1603 anni
597 1514 817 1620 abierunt,
848 1540 903 1605 ex
921 1543 1008 1634 quo
1026 1517 1202 1605 tertium
1226 1515 1353 1603 huius
1377 1514 1523 1629 operis
1544 1515 1704 1607 biblio·
1852 1552 1857 1557 ·

13 1690 18 1723 ;
84 1634 281 1748 graphici
303 1627 551 1718 fasciculum
574 1632 706 1718 edidi.
770 1627 985 1739 QuartuS,
1012 1629 1130 1746 ilipue
1149 1633 1348 1737 ultimus,
1379 1654 1495 1719 nunc
1519 1635 1706 1747 primum

10 1742 17 1761 ⁸
84 1746 289 1865 sequitur.
351 1744 507 1832 Tantae
531 1772 663 1832 morae
688 1775 777 1833 non
807 1772 892 1833 una
918 1743 1001 1834 suit
1028 1743 1164 1833 causa.
1224 1746 1369 1836 Primo
1406 1749 1521 1833 eninr
1555 1774 1705 1836 nume·

14 1868 25 1879 ’“
85 1891 159 1953 rus
182 1862 413 1964 librorum,
456 1861 530 1973 qui
556 1860 599 1946 in
630 1862 716 1947 hoc
743 1888 831 1947 uno
866 1856 1075 1948 fasciculo
1102 1858 1277 1947 fuerant
1300 1858 1574 1962 recensendi,
1612 1885 1703 1951 tan-

85 1996 158 2065 tur
183 1997 295 2081 erat,
331 1995 616 2061 utnumerum
636 1975 865 2079 librorum,
896 1978 1027 2091 quiin
1044 1975 1178 2061 tribus
1202 1973 1704 2087 praecedentibusFasci·

10 2100 20 2121 ''
83 2092 196 2201 culis
225 2086 546 2203 srmul‘sumptis
574 2088 773 2175 recensiti
795 2087 911 2193 sunt,
942 2108 1300 2203 nonexaequaret
1324 2108 1513 2194 tantum,
1549 2118 1704 2181 verum

83 2209 216 2294 etiarn
239 2202 471 2319 superaret.
535 2206 623 2298 2do
640 2203 800 2320 Exquo
822 2203 1005 2317 primurn
1032 2204 1158 2290 huius
1177 2203 1324 2316 operis
1343 2200 1593 2295 fasciculum
1613 2208 1705 2294 edi·

30 2322 150 2423 'Jdi,
185 2322 331 2433 plures
352 2318 724 2433 Bibliothecarunr
747 2314 942 2430 prefecti
967 2319 1104 2407 libros
1128 2318 1297 2405 Saeculo
1327 2316 1429 2409 XV.
1454 2317 1701 2433 impressos,
1734 2381 1737 2388 -

27 2518 36 2543 .,
78 2432 249 2549 suisque
268 2435 312 2518 in
330 2431 619 2529 Bibliothecis
646 2433 867 2519 latitantes
885 2460 1037 2542 magna
1055 2458 1156 2521 cura
1174 2432 1516 2547 conquifierunt,
1549 2436 1593 2522 dr
1611 2462 1702 2523 non
1816 2450 1820 2456 ’

29 2622 36 2635 .
79 2552 191 2641 nulli
208 2549 383 2661 quidem
404 2548 586 2636 eosdem
607 2548 810 2634 adcurate
833 2543 1126 2664 descriptosin
1142 2551 1288 2635 lucem
1305 2548 1549 2643 ediderunt.
1605 2548 1702 2638 Ho-

30 2693 176 2759 ..rum
206 2663 535 2750 lucubrationes
561 2690 584 2748 a
613 2687 684 2751 me
707 2659 892 2750 sollicite
919 2663 1188 2780 conquisita,
1228 2661 1273 2748 dr
1300 2663 1529 2774 diligenter
1558 2668 1702 2779 perlu-

10 2784 21 2797 ’
80 2780 217 2872 stratae
243 2804 440 2889 magnam
460 2779 561 2864 huic
588 2781 713 2891 operi
737 2775 1055 2890 persec'iionem
1082 2779 1382 2867 conciliarunt.
1441 2778 1701 2870 Breviorem

82 2896 237 2998 etiarn,
277 2894 331 2979 iis
363 2892 647 3005 perlustratis,
687 2892 732 2978 in
763 2914 916 3004 quarto
955 2895 1042 2979 hoc
1070 2890 1278 2981 fasciculo
1307 2890 1391 2981 else
1414 2892 1520 2980 mihi
1552 2896 1700 3000 licuit,

82 3029 183 3096 cum
219 3004 515 3113 observarem,
560 3023 728 3120 partem
765 3005 993 3093 maximam
1026 3007 1257 3111 librorum,
1298 3035 1409 3137 quos
1444 3006 1698 3099 Fasciculus

79 3124 159 3213 iste
185 3124 408 3228 continet,
434 3121 523 3232 jam
557 3121 609 3208 ab
650 3121 747 3207 aliis
777 3121 982 3207 adcurate
1016 3117 1271 3233 descriptam
1305 3118 1438 3207 luisse.
1505 3119 1699 3211 Demum

10 3316 18 3333 ‚
114 3240 225 3325 uarti
243 3237 369 3323 huius
389 3234 585 3324 fasciculi
601 3234 739 3323 editio
765 3231 1000 3323 differenda
1020 3236 1185 3323 tamdiu
1205 3235 1311 3321 mihi
1332 3231 1420 3321 visa
1439 3235 1520 3340 est,
1553 3238 1698 3326 donec

78 3267 385 3445 sasciculorum
411 3350 748 3464 precedentium
773 3350 1037 3463 exemplaria
1042 3352 1270 3551 ¹pleraque
1293 3345 1425 3437 essent
1455 3352 1695 3440 divendita.

53 3468 192 3577 ¹Cum
216 3466 334 3555 enim
359 3493 562 3581 operum,
600 3491 711 3581 quae
734 3467 786 3551 ad
810 3465 1026 3552 historiam
1058 3463 1236 3580 peciant
1256 3464 1532 3571 litterariam,
1563 3486 1698 3583 atque

53 3582 292 3697 'imprimis
321 3582 376 3667 ad
402 3578 763 3694 bibliographiam
788 3581 1093 3695 antiquariam,
1130 3580 1258 3693 pauci
1288 3579 1498 3687 leciores,
1541 3580 1587 3669 dt
1620 3582 1697 3673 vel

49 3698 182 3789 'ideo
217 3698 350 3787 etiam
381 3695 511 3810 pauci
537 3715 757 3809 emptores
780 3693 877 3798 srnt,
918 3696 1158 3783 timendum
1190 3693 1303 3781 haud
1340 3696 1416 3782 abs
1453 3720 1500 3783 re
1528 3692 1696 3805 fuerat,

37 3904 41 3909 .
77 3840 136 3905 ne
164 3840 260 3900 curn
284 3811 456 3915 labore,
493 3836 621 3926 quern
640 3808 825 3924 publica
839 3808 1056 3916 utilitatis,
1078 3837 1167 3897 non
1187 3811 1296 3897 lucri
1316 3804 1452 3916 causa,
1475 3811 1630 3901 lubens
1648 3812 1695 3901 in

76 3954 151 4020 me
172 3924 359 4041 suscepi,
389 3924 581 4040 sumptus
615 3926 748 4011 etiam
780 3924 823 4012 in
843 3925 990 4039 operis
1013 3925 1252 4013 editionem
1277 3925 1456 4038 impensi
1486 3928 1692 4039 perirent.
1725 3986 1732 3995 -

74 4040 346 4133 Timendum
370 4069 425 4130 eo
450 4041 586 4154 magis
611 4040 654 4125 id
677 4033 841 4143 fuerat,
871 4042 990 4154 quod
1014 4040 1100 4128 viri
1116 4066 1205 4126 non
1221 4039 1353 4143 nulli,
1374 4038 1553 4141 litterati
1581 4036 1691 4127 scili-

76 4175 175 4261 cet,
206 4155 341 4259 clam,
370 4157 505 4244 immo
531 4155 674 4272 palam
696 4148 922 4241 infaciem
944 4153 1048 4240 mihi
1075 4158 1291 4259 dicerent,
1318 4154 1432 4243 haud
1462 4151 1504 4243 se
1532 4151 1693 4268 perspi·

77 4296 204 4375 cere,
243 4294 318 4354 cur
350 4267 392 4355 in
424 4297 536 4383 opus
565 4267 784 4381 ejusmodi
818 4286 986 4357 tantum
1007 4268 1193 4375 laboris,
1230 4289 1467 4403 tantosque
1497 4265 1689 4381 sumptus

76 4383 390 4500 impenderim,
419 4408 473 4471 ex
496 4410 583 4501 quo
613 4403 686 4471 aut
709 4384 852 4489 nulla,
882 4404 955 4470 aut
986 4384 1140 4498 exigua
1166 4386 1400 4472 admodum
1420 4410 1464 4471 m
1488 4384 1689 4497 rempub·

72 4503 208 4633 licam
228 4497 482 4593 litterariam
512 4500 748 4591 commoda
772 4501 1079 4601 redundarent.
1132 4496 1222 4593 Sed
1246 4498 1338 4609 his,
1363 4496 1394 4592 li
1415 4494 1579 4621 superis
1597 4500 1689 4611 pla·

544 4692 550 4701 .
667 4674 756 4761 3³·
812 4612 940 4731 ·)(2
1040 4688 1060 4699 ..
1370 4670 1386 4683 --
1537 4635 1634 4722 cet,
