<?xml version="1.0" encoding="UTF-8"?>
<!DOCTYPE html PUBLIC "-//W3C//DTD XHTML 1.0 Transitional//EN"
    "http://www.w3.org/TR/xhtml1/DTD/xhtml1-transitional.dtd">
<html xmlns="http://www.w3.org/1999/xhtml" xml:lang="en" lang="en">
 <head>
  <title>
</title>
<meta http-equiv="Content-Type" content="text/html;charset=utf-8" />
  <meta name='ocr-system' content='tesseract 3.04.00' />
  <meta name='ocr-capabilities' content='ocr_page ocr_carea ocr_par ocr_line ocrx_word'/>
</head>
<body>
  <div class='ocr_page' id='page_1' title='image "./bibliothecacade00biblgoog_0640.png"; bbox 0 0 3892 5182; ppageno 0'>
   <div class='ocr_carea' id='block_1_1' title="bbox 109 465 1784 1649">
    <p class='ocr_par' dir='ltr' id='par_1_1' title="bbox 157 465 1780 767">
     <span class='ocr_line' id='line_1_1' title="bbox 319 465 1780 572; baseline 0.006 -27"><span class='ocrx_word' id='word_1_1' title='bbox 319 465 542 562; x_wconf 66' lang='lat' dir='ltr'><em>reiboldus</em></span> <span class='ocrx_word' id='word_1_2' title='bbox 566 466 606 544; x_wconf 91' lang='lat' dir='ltr'><em>in</em></span> <span class='ocrx_word' id='word_1_3' title='bbox 624 465 739 545; x_wconf 76' lang='lat' dir='ltr'><em>libros</em></span> <span class='ocrx_word' id='word_1_4' title='bbox 767 466 906 545; x_wconf 78' lang='lat' dir='ltr'><em>codicis</em></span> <span class='ocrx_word' id='word_1_5' title='bbox 944 494 1000 546; x_wconf 89' lang='lat'><em>10.</em></span> <span class='ocrx_word' id='word_1_6' title='bbox 1035 493 1092 546; x_wconf 88' lang='lat'><em>11.</em></span> <span class='ocrx_word' id='word_1_7' title='bbox 1129 492 1185 545; x_wconf 88' lang='lat'><em>12.</em></span> <span class='ocrx_word' id='word_1_8' title='bbox 1216 492 1300 546; x_wconf 89' lang='lat' dir='ltr'><em>cum</em></span> <span class='ocrx_word' id='word_1_9' title='bbox 1330 466 1605 551; x_wconf 71' lang='lat' dir='ltr'>Commentario</span> <span class='ocrx_word' id='word_1_10' title='bbox 1645 472 1780 572; x_wconf 85' lang='lat' dir='ltr'><em>Angeli</em></span> 
     </span>
     <span class='ocr_line' id='line_1_2' title="bbox 157 563 1776 665; baseline 0.002 -17"><span class='ocrx_word' id='word_1_11' title='bbox 157 566 316 650; x_wconf 77' lang='lat' dir='ltr'><em>Perusini</em></span> <span class='ocrx_word' id='word_1_12' title='bbox 331 571 367 642; x_wconf 89' lang='lat' dir='ltr'><em>in</em></span> <span class='ocrx_word' id='word_1_13' title='bbox 383 569 543 643; x_wconf 85' lang='lat' dir='ltr'><em>eosdem.</em></span> <span class='ocrx_word' id='word_1_14' title='bbox 563 565 639 642; x_wconf 90' lang='lat' dir='ltr'><em>Fol.</em></span> <span class='ocrx_word' id='word_1_15' title='bbox 658 563 743 663; x_wconf 77' lang='lat' dir='ltr'><em>maj.</em></span> <span class='ocrx_word' id='word_1_16' title='bbox 806 567 972 647; x_wconf 76' lang='lat' dir='ltr'><em>Charali.</em></span> <span class='ocrx_word' id='word_1_17' title='bbox 996 569 1099 665; x_wconf 87' lang='lat' dir='ltr'><em>goth.</em></span> <span class='ocrx_word' id='word_1_18' title='bbox 1117 591 1201 659; x_wconf 81' lang='lat' dir='ltr'><em>cum</em></span> <span class='ocrx_word' id='word_1_19' title='bbox 1222 566 1346 664; x_wconf 71' lang='lat' dir='ltr'><em>signat.</em></span> <span class='ocrx_word' id='word_1_20' title='bbox 1369 569 1406 645; x_wconf 69' lang='grc' dir='ltr'><strong>ἃ</strong></span> <span class='ocrx_word' id='word_1_21' title='bbox 1424 571 1560 646; x_wconf 83' lang='lat' dir='ltr'><em>custod.</em></span> <span class='ocrx_word' id='word_1_22' title='bbox 1580 571 1653 648; x_wconf 86' lang='lat' dir='ltr'><em>fine</em></span> <span class='ocrx_word' id='word_1_23' title='bbox 1674 597 1776 652; x_wconf 87' lang='lat' dir='ltr'><em>num.</em></span> 
     </span>
     <span class='ocr_line' id='line_1_3' title="bbox 157 664 1773 767; baseline 0 -21"><span class='ocrx_word' id='word_1_24' title='bbox 157 668 232 746; x_wconf 85' lang='lat' dir='ltr'><em>foll.</em></span> <span class='ocrx_word' id='word_1_25' title='bbox 284 667 388 741; x_wconf 90' lang='lat' dir='ltr'><em>Folio</em></span> <span class='ocrx_word' id='word_1_26' title='bbox 409 688 444 761; x_wconf 83' lang='lat'><em>7.</em></span> <span class='ocrx_word' id='word_1_27' title='bbox 470 665 571 740; x_wconf 87' lang='lat' dir='ltr'><em>verlo</em></span> <span class='ocrx_word' id='word_1_28' title='bbox 594 664 845 760; x_wconf 86' lang='lat' dir='ltr'>quaternionis</span> <span class='ocrx_word' id='word_1_29' title='bbox 866 665 892 740; x_wconf 94' lang='lat' dir='ltr'>h</span> <span class='ocrx_word' id='word_1_30' title='bbox 916 666 1066 763; x_wconf 86' lang='lat' dir='ltr'><em>legitur:</em></span> <span class='ocrx_word' id='word_1_31' title='bbox 1100 664 1292 765; x_wconf 81' lang='lat' dir='ltr'><em>Impreffisrn</em></span> <span class='ocrx_word' id='word_1_32' title='bbox 1324 665 1514 741; x_wconf 75' lang='lat' dir='ltr'><em>Mediolani</em></span> <span class='ocrx_word' id='word_1_33' title='bbox 1535 693 1598 767; x_wconf 82' lang='lat' dir='ltr'><em>per</em></span> <span class='ocrx_word' id='word_1_34' title='bbox 1633 670 1773 746; x_wconf 88' lang='lat' dir='ltr'><em>Ulderl·</em></span> 
     </span>
    </p>

    <p class='ocr_par' dir='ltr' id='par_1_2' title="bbox 109 762 1771 963">
     <span class='ocr_line' id='line_1_4' title="bbox 109 762 1771 867; baseline 0.002 -24"><span class='ocrx_word' id='word_1_35' title='bbox 109 851 132 867; x_wconf 28' lang='grc' dir='ltr'><em>Ι,</em></span> <span class='ocrx_word' id='word_1_36' title='bbox 157 793 231 843; x_wconf 86' lang='lat' dir='ltr'><em>rnen</em></span> <span class='ocrx_word' id='word_1_37' title='bbox 254 763 491 841; x_wconf 85' lang='lat' dir='ltr'><em>Scinzenzeler</em></span> <span class='ocrx_word' id='word_1_38' title='bbox 506 762 611 841; x_wconf 80' lang='lat' dir='ltr'><em>Anno</em></span> <span class='ocrx_word' id='word_1_39' title='bbox 629 763 767 865; x_wconf 86' lang='lat' dir='ltr'><em>domini.</em></span> <span class='ocrx_word' id='word_1_40' title='bbox 791 765 844 839; x_wconf 94' lang='grc' dir='ltr'><em>Μ.</em></span> <span class='ocrx_word' id='word_1_41' title='bbox 857 787 951 840; x_wconf 88' lang='lat' dir='ltr'><strong>cccc.</strong></span> <span class='ocrx_word' id='word_1_42' title='bbox 966 763 1121 844; x_wconf 88' lang='lat' dir='ltr'><em>lxxxxii.</em></span> <span class='ocrx_word' id='word_1_43' title='bbox 1144 763 1198 840; x_wconf 87' lang='lat' dir='ltr'><em>die</em></span> <span class='ocrx_word' id='word_1_44' title='bbox 1220 764 1335 839; x_wconf 82' lang='lat' dir='ltr'><em>ulrieno</em></span> <span class='ocrx_word' id='word_1_45' title='bbox 1357 763 1495 864; x_wconf 64' lang='lat' dir='ltr'><em>Marsis.-</em></span> <span class='ocrx_word' id='word_1_46' title='bbox 1537 791 1621 842; x_wconf 91' lang='lat' dir='ltr'><em>cum</em></span> <span class='ocrx_word' id='word_1_47' title='bbox 1645 769 1771 865; x_wconf 74' lang='lat' dir='ltr'><em>insign.</em></span> 
     </span>
     <span class='ocr_line' id='line_1_5' title="bbox 150 863 1734 963; baseline 0.001 -25"><span class='ocrx_word' id='word_1_48' title='bbox 150 863 382 963; x_wconf 82' lang='lat' dir='ltr'><strong>typographi.</strong></span> <span class='ocrx_word' id='word_1_49' title='bbox 842 949 844 952; x_wconf 77' lang='lat'><strong>.</strong></span> <span class='ocrx_word' id='word_1_50' title='bbox 1731 891 1734 897; x_wconf 91' lang='lat'>·</span> 
     </span>
    </p>

    <p class='ocr_par' dir='ltr' id='par_1_3' title="bbox 109 953 1784 1649">
     <span class='ocr_line' id='line_1_6' title="bbox 109 953 1776 1058; baseline 0.002 -24"><span class='ocrx_word' id='word_1_51' title='bbox 109 968 118 977; x_wconf 83' lang='lat'><em>‘</em></span> <span class='ocrx_word' id='word_1_52' title='bbox 170 1028 173 1033; x_wconf 94' lang='lat'><strong>.</strong></span> <span class='ocrx_word' id='word_1_53' title='bbox 319 987 374 1048; x_wconf 83' lang='lat'><em>51.</em></span> <span class='ocrx_word' id='word_1_54' title='bbox 401 957 444 1033; x_wconf 90' lang='lat' dir='ltr'><em>In</em></span> <span class='ocrx_word' id='word_1_55' title='bbox 463 956 525 1032; x_wconf 86' lang='lat' dir='ltr'><em>lroc</em></span> <span class='ocrx_word' id='word_1_56' title='bbox 546 958 710 1035; x_wconf 84' lang='lat' dir='ltr'><em>uolumine</em></span> <span class='ocrx_word' id='word_1_57' title='bbox 726 959 820 1052; x_wconf 84' lang='lat' dir='ltr'><em>infru</em></span> <span class='ocrx_word' id='word_1_58' title='bbox 834 957 976 1056; x_wconf 72' lang='lat' dir='ltr'><em>scriptu.</em></span> <span class='ocrx_word' id='word_1_59' title='bbox 1009 959 1065 1038; x_wconf 83' lang='lat' dir='ltr'><em>M.</em></span> <span class='ocrx_word' id='word_1_60' title='bbox 1101 955 1209 1033; x_wconf 86' lang='lat' dir='ltr'><em>Tullii</em></span> <span class='ocrx_word' id='word_1_61' title='bbox 1240 953 1407 1033; x_wconf 76' lang='lat' dir='ltr'><em>Ciceronis</em></span> <span class='ocrx_word' id='word_1_62' title='bbox 1443 984 1545 1058; x_wconf 80' lang='lat' dir='ltr'><em>opero</em></span> <span class='ocrx_word' id='word_1_63' title='bbox 1567 965 1776 1039; x_wconf 76' lang='lat' dir='ltr'><em>continentur</em></span> 
     </span>
     <span class='ocr_line' id='line_1_7' title="bbox 154 1055 1780 1159; baseline 0.002 -24"><span class='ocrx_word' id='word_1_64' title='bbox 154 1082 224 1135; x_wconf 85' lang='lat' dir='ltr'><em>rrnu</em></span> <span class='ocrx_word' id='word_1_65' title='bbox 247 1063 287 1131; x_wconf 79' lang='lat' dir='ltr'><em>eri</em></span> <span class='ocrx_word' id='word_1_66' title='bbox 308 1060 494 1132; x_wconf 77' lang='lat' dir='ltr'><em>cimiteriis</em></span> <span class='ocrx_word' id='word_1_67' title='bbox 509 1055 584 1152; x_wconf 88' lang='lat' dir='ltr'><em>suis</em></span> <span class='ocrx_word' id='word_1_68' title='bbox 604 1057 764 1151; x_wconf 70' lang='lat' dir='ltr'><em>uidelicet.</em></span> <span class='ocrx_word' id='word_1_69' title='bbox 794 1056 933 1133; x_wconf 82' lang='lat' dir='ltr'><em>Orator.</em></span> <span class='ocrx_word' id='word_1_70' title='bbox 949 1056 1050 1156; x_wconf 88' lang='lat' dir='ltr'><em>(cum</em></span> <span class='ocrx_word' id='word_1_71' title='bbox 1066 1059 1273 1135; x_wconf 83' lang='lat' dir='ltr'><em>Comnrent.</em></span> <span class='ocrx_word' id='word_1_72' title='bbox 1298 1055 1449 1133; x_wconf 79' lang='lat' dir='ltr'><em>Vilioris</em></span> <span class='ocrx_word' id='word_1_73' title='bbox 1469 1059 1609 1158; x_wconf 84' lang='lat' dir='ltr'><em>Pisani)</em></span> <span class='ocrx_word' id='word_1_74' title='bbox 1632 1063 1673 1136; x_wconf 89' lang='lat' dir='ltr'><em>de</em></span> <span class='ocrx_word' id='word_1_75' title='bbox 1686 1066 1780 1159; x_wconf 80' lang='lat' dir='ltr'><em>futu.</em></span> 
     </span>
     <span class='ocr_line' id='line_1_8' title="bbox 161 1151 1780 1256; baseline 0.001 -21"><span class='ocrx_word' id='word_1_76' title='bbox 161 1155 287 1255; x_wconf 77' lang='lat' dir='ltr'><em>Topica</em></span> <span class='ocrx_word' id='word_1_77' title='bbox 311 1154 351 1232; x_wconf 67' lang='lat' dir='ltr'><em>ll</em></span> <span class='ocrx_word' id='word_1_78' title='bbox 373 1154 414 1230; x_wconf 92' lang='lat' dir='ltr'><em>de</em></span> <span class='ocrx_word' id='word_1_79' title='bbox 443 1155 661 1253; x_wconf 66' lang='lat' dir='ltr'><em>universitate.</em></span> <span class='ocrx_word' id='word_1_80' title='bbox 685 1154 790 1256; x_wconf 87' lang='lat' dir='ltr'><em>(cum</em></span> <span class='ocrx_word' id='word_1_81' title='bbox 815 1157 1023 1233; x_wconf 65' lang='lat' dir='ltr'><em>Commenr.</em></span> <span class='ocrx_word' id='word_1_82' title='bbox 1041 1157 1188 1252; x_wconf 82' lang='lat' dir='ltr'>Georgii</span> <span class='ocrx_word' id='word_1_83' title='bbox 1212 1151 1349 1252; x_wconf 78' lang='lat' dir='ltr'><em>Valle)</em></span> <span class='ocrx_word' id='word_1_84' title='bbox 1373 1154 1402 1231; x_wconf 87' lang='lat' dir='ltr'>F</span> <span class='ocrx_word' id='word_1_85' title='bbox 1403 1156 1449 1231; x_wconf 93' lang='lat' dir='ltr'><em>ol.</em></span> <span class='ocrx_word' id='word_1_86' title='bbox 1501 1159 1667 1234; x_wconf 82' lang='lat' dir='ltr'><em>Cbarali.</em></span> <span class='ocrx_word' id='word_1_87' title='bbox 1687 1186 1780 1237; x_wconf 90' lang='lat' dir='ltr'><em>rom.</em></span> 
     </span>
     <span class='ocr_line' id='line_1_9' title="bbox 153 1251 1780 1355; baseline 0.001 -23"><span class='ocrx_word' id='word_1_88' title='bbox 153 1281 239 1332; x_wconf 82' lang='lat' dir='ltr'><em>eum</em></span> <span class='ocrx_word' id='word_1_89' title='bbox 263 1254 387 1349; x_wconf 78' lang='lat' dir='ltr'><em>signat.</em></span> <span class='ocrx_word' id='word_1_90' title='bbox 412 1251 460 1328; x_wconf 72' lang='lat' dir='ltr'><em>A.</em></span> <span class='ocrx_word' id='word_1_91' title='bbox 476 1253 509 1329; x_wconf 89' lang='lat' dir='ltr'><em>b.</em></span> <span class='ocrx_word' id='word_1_92' title='bbox 524 1294 561 1309; x_wconf 87' lang='lat'><em>-</em></span> <span class='ocrx_word' id='word_1_93' title='bbox 575 1278 624 1333; x_wconf 85' lang='lat' dir='ltr'><em>m.</em></span> <span class='ocrx_word' id='word_1_94' title='bbox 643 1253 715 1329; x_wconf 87' lang='lat' dir='ltr'><em>fine</em></span> <span class='ocrx_word' id='word_1_95' title='bbox 734 1254 932 1331; x_wconf 60' lang='lat' dir='ltr'><em>cultum&amp;</em></span> <span class='ocrx_word' id='word_1_96' title='bbox 954 1279 1054 1330; x_wconf 89' lang='lat' dir='ltr'><em>num.</em></span> <span class='ocrx_word' id='word_1_97' title='bbox 1075 1253 1151 1329; x_wconf 87' lang='lat' dir='ltr'><em>foll.</em></span> <span class='ocrx_word' id='word_1_98' title='bbox 1217 1251 1321 1326; x_wconf 85' lang='lat' dir='ltr'><em>Folio</em></span> <span class='ocrx_word' id='word_1_99' title='bbox 1343 1259 1377 1327; x_wconf 84' lang='grc' dir='ltr'><em>ό.</em></span> <span class='ocrx_word' id='word_1_100' title='bbox 1400 1253 1504 1355; x_wconf 72' lang='lat' dir='ltr'><em>-relio</em></span> <span class='ocrx_word' id='word_1_101' title='bbox 1526 1259 1699 1332; x_wconf 87' lang='lat' dir='ltr'><em>ternionis</em></span> <span class='ocrx_word' id='word_1_102' title='bbox 1721 1284 1780 1334; x_wconf 91' lang='lat' dir='ltr'><em>m:</em></span> 
     </span>
     <span class='ocr_line' id='line_1_10' title="bbox 159 1347 1782 1525; baseline 0.002 -96"><span class='ocrx_word' id='word_1_103' title='bbox 159 1352 326 1431; x_wconf 85' lang='lat' dir='ltr'><em>Ciceronis</em></span> <span class='ocrx_word' id='word_1_104' title='bbox 347 1349 476 1437; x_wconf 85' lang='lat' dir='ltr'><em>libellus</em></span> <span class='ocrx_word' id='word_1_105' title='bbox 500 1351 542 1425; x_wconf 93' lang='lat' dir='ltr'><em>de</em></span> <span class='ocrx_word' id='word_1_106' title='bbox 556 1353 766 1525; x_wconf 53' lang='lat' dir='ltr'><em>uniuerflule</em></span> <span class='ocrx_word' id='word_1_107' title='bbox 791 1390 832 1407; x_wconf 75' lang='lat'><em>..</em></span> <span class='ocrx_word' id='word_1_108' title='bbox 840 1375 884 1453; x_wconf 69' lang='lat' dir='ltr'><em>y</em></span> <span class='ocrx_word' id='word_1_109' title='bbox 915 1352 1048 1427; x_wconf 76' lang='lat' dir='ltr'><em>Bonetsi</em></span> <span class='ocrx_word' id='word_1_110' title='bbox 1077 1350 1231 1427; x_wconf 80' lang='lat' dir='ltr'><em>loculellsi</em></span> <span class='ocrx_word' id='word_1_111' title='bbox 1258 1347 1407 1425; x_wconf 89' lang='lat' dir='ltr'><em>Veneliis</em></span> <span class='ocrx_word' id='word_1_112' title='bbox 1436 1351 1572 1450; x_wconf 79' lang='lat' dir='ltr'><em>ipreffiss</em></span> <span class='ocrx_word' id='word_1_113' title='bbox 1605 1360 1655 1453; x_wconf 71' lang='grc' dir='ltr'><em>Μ.</em></span> <span class='ocrx_word' id='word_1_114' title='bbox 1692 1359 1782 1433; x_wconf 83' lang='lat' dir='ltr'><em>xvii.</em></span> 
     </span>
     <span class='ocr_line' id='line_1_11' title="bbox 157 1446 1784 1551; baseline 0 -21"><span class='ocrx_word' id='word_1_115' title='bbox 157 1452 293 1530; x_wconf 77' lang='lat' dir='ltr'><em>luledus</em></span> <span class='ocrx_word' id='word_1_116' title='bbox 314 1452 453 1551; x_wconf 80' lang='lat' dir='ltr'><em>uugnsti.</em></span> <span class='ocrx_word' id='word_1_117' title='bbox 480 1452 529 1526; x_wconf 92' lang='grc' dir='ltr'><em>Μ.</em></span> <span class='ocrx_word' id='word_1_118' title='bbox 547 1473 644 1528; x_wconf 86' lang='lat' dir='ltr'><strong>cccc.</strong></span> <span class='ocrx_word' id='word_1_119' title='bbox 675 1451 819 1525; x_wconf 85' lang='lat' dir='ltr'><em>xxxxii.</em></span> <span class='ocrx_word' id='word_1_120' title='bbox 849 1452 914 1527; x_wconf 67' lang='lat' dir='ltr'><em>aas·</em></span> <span class='ocrx_word' id='word_1_121' title='bbox 937 1452 1093 1546; x_wconf 82' lang='lat' dir='ltr'><em>pecunius</em></span> <span class='ocrx_word' id='word_1_122' title='bbox 1124 1491 1169 1504; x_wconf 88' lang='lat'><em>-</em></span> <span class='ocrx_word' id='word_1_123' title='bbox 1194 1446 1356 1550; x_wconf 80' lang='lat' dir='ltr'><em>suggeffil</em></span> <span class='ocrx_word' id='word_1_124' title='bbox 1388 1487 1437 1514; x_wconf 83' lang='lat'><em>··-</em></span> <span class='ocrx_word' id='word_1_125' title='bbox 1473 1448 1677 1530; x_wconf 75' lang='lat' dir='ltr'><em>Oliuuiunsss</em></span> <span class='ocrx_word' id='word_1_126' title='bbox 1700 1453 1784 1533; x_wconf 88' lang='lat' dir='ltr'><em>Scu-</em></span> 
     </span>
     <span class='ocr_line' id='line_1_12' title="bbox 155 1546 1664 1649; baseline -0.003 -24"><span class='ocrx_word' id='word_1_127' title='bbox 155 1563 209 1627; x_wconf 84' lang='lat' dir='ltr'><em>rus</em></span> <span class='ocrx_word' id='word_1_128' title='bbox 231 1590 270 1608; x_wconf 86' lang='lat'>-</span> <span class='ocrx_word' id='word_1_129' title='bbox 302 1572 387 1625; x_wconf 90' lang='lat' dir='ltr'><em>cum</em></span> <span class='ocrx_word' id='word_1_130' title='bbox 409 1546 577 1646; x_wconf 84' lang='lat' dir='ltr'><em>ejusdem</em></span> <span class='ocrx_word' id='word_1_131' title='bbox 596 1546 721 1649; x_wconf 84' lang='lat' dir='ltr'><em>iniign.</em></span> <span class='ocrx_word' id='word_1_132' title='bbox 768 1549 893 1628; x_wconf 78' lang='lat' dir='ltr'><em>Habet</em></span> <span class='ocrx_word' id='word_1_133' title='bbox 919 1547 1070 1626; x_wconf 76' lang='lat' dir='ltr'><em>Oriundi</em></span> <span class='ocrx_word' id='word_1_134' title='bbox 1090 1570 1126 1646; x_wconf 89' lang='lat' dir='ltr'><em>p.</em></span> <span class='ocrx_word' id='word_1_135' title='bbox 1153 1568 1210 1645; x_wconf 79' lang='lat'><em>34.</em></span> <span class='ocrx_word' id='word_1_136' title='bbox 1656 1610 1664 1620; x_wconf 74' lang='grc'>,</span> 
     </span>
    </p>
   </div>
   <div class='ocr_carea' id='block_1_2' title="bbox 764 1779 1306 1942">
    <p class='ocr_par' dir='ltr' id='par_1_4' title="bbox 764 1779 1306 1942">
     <span class='ocr_line' id='line_1_13' title="bbox 764 1779 1306 1942; baseline 0 -23"><span class='ocrx_word' id='word_1_137' title='bbox 764 1822 971 1919; x_wconf 90' lang='lat' dir='ltr'><strong>ANNO</strong></span> <span class='ocrx_word' id='word_1_138' title='bbox 1019 1849 1170 1942; x_wconf 79' lang='lat'><strong>1493.</strong></span> <span class='ocrx_word' id='word_1_139' title='bbox 1302 1779 1306 1785; x_wconf 24' lang='lat'><em>¹</em></span> 
     </span>
    </p>
   </div>
   <div class='ocr_carea' id='block_1_3' title="bbox 135 2034 1887 4785">
    <p class='ocr_par' dir='ltr' id='par_1_5' title="bbox 143 2034 1798 2436">
     <span class='ocr_line' id='line_1_14' title="bbox 180 2034 1784 2160; baseline 0.002 -44"><span class='ocrx_word' id='word_1_140' title='bbox 180 2139 189 2160; x_wconf 23' lang='grc' dir='ltr'><strong><em>ε</em></strong></span> <span class='ocrx_word' id='word_1_141' title='bbox 275 2139 283 2155; x_wconf 89' lang='lat'><strong>.</strong></span> <span class='ocrx_word' id='word_1_142' title='bbox 322 2064 359 2159; x_wconf 65' lang='grc' dir='ltr'><em>ι.Ἱ</em></span> <span class='ocrx_word' id='word_1_143' title='bbox 379 2035 519 2116; x_wconf 75' lang='lat' dir='ltr'><em>Aurelii</em></span> <span class='ocrx_word' id='word_1_144' title='bbox 541 2034 689 2123; x_wconf 67' lang='lat' dir='ltr'><em>(beselel</em></span> <span class='ocrx_word' id='word_1_145' title='bbox 710 2037 793 2137; x_wconf 79' lang='lat' dir='ltr'><em>Celfi</em></span> <span class='ocrx_word' id='word_1_146' title='bbox 818 2039 1002 2116; x_wconf 73' lang='lat' dir='ltr'><em>Medicina</em></span> <span class='ocrx_word' id='word_1_147' title='bbox 1027 2035 1132 2154; x_wconf 74' lang='lat' dir='ltr'><em>Liber</em></span> <span class='ocrx_word' id='word_1_148' title='bbox 1159 2034 1294 2114; x_wconf 80' lang='lat' dir='ltr'><em>Primus</em></span> <span class='ocrx_word' id='word_1_149' title='bbox 1314 2038 1419 2130; x_wconf 89' lang='lat' dir='ltr'>(cum</span> <span class='ocrx_word' id='word_1_150' title='bbox 1443 2037 1528 2117; x_wconf 90' lang='lat' dir='ltr'><strong>libb.</strong></span> <span class='ocrx_word' id='word_1_151' title='bbox 1550 2040 1696 2145; x_wconf 89' lang='lat' dir='ltr'><em>reliqq.)</em></span> <span class='ocrx_word' id='word_1_152' title='bbox 1721 2039 1784 2120; x_wconf 87' lang='lat' dir='ltr'><em>In·</em></span> 
     </span>
     <span class='ocr_line' id='line_1_15' title="bbox 143 2135 1798 2339; baseline 0.001 -24"><span class='ocrx_word' id='word_1_153' title='bbox 143 2139 406 2316; x_wconf 55' lang='lat' dir='ltr'><em>librili·</em></span> <span class='ocrx_word' id='word_1_154' title='bbox 424 2139 1091 2334; x_wconf 57' lang='lat' dir='ltr'><em>cllllbn⁰l²nblrlbll¹⁰</em></span> <span class='ocrx_word' id='word_1_155' title='bbox 1107 2135 1288 2336; x_wconf 65' lang='lat' dir='ltr'><em>billi</em></span> <span class='ocrx_word' id='word_1_156' title='bbox 1303 2138 1536 2339; x_wconf 54' lang='lat' dir='ltr'><em>“rilindi</em></span> <span class='ocrx_word' id='word_1_157' title='bbox 1553 2142 1798 2339; x_wconf 57' lang='lat' dir='ltr'><em>&#39;lilioli&#39;</em></span> 
     </span>
     <span class='ocr_line' id='line_1_16' title="bbox 149 2330 1149 2436; baseline -0.004 -23"><span class='ocrx_word' id='word_1_158' title='bbox 149 2337 228 2435; x_wconf 75' lang='lat' dir='ltr'><em>senil</em></span> <span class='ocrx_word' id='word_1_159' title='bbox 252 2335 306 2408; x_wconf 82' lang='lat' dir='ltr'><em>die</em></span> <span class='ocrx_word' id='word_1_160' title='bbox 329 2336 401 2407; x_wconf 86' lang='lat' dir='ltr'><em>viii.</em></span> <span class='ocrx_word' id='word_1_161' title='bbox 426 2335 537 2431; x_wconf 84' lang='lat' dir='ltr'><em>mensts</em></span> <span class='ocrx_word' id='word_1_162' title='bbox 564 2330 668 2436; x_wconf 66' lang='lat' dir='ltr'><em>ffuls&#39;r&#39;</em></span> <span class='ocrx_word' id='word_1_163' title='bbox 689 2336 741 2409; x_wconf 93' lang='grc' dir='ltr'><em>Μ.</em></span> <span class='ocrx_word' id='word_1_164' title='bbox 756 2359 853 2410; x_wconf 84' lang='lat' dir='ltr'><strong>cccc.</strong></span> <span class='ocrx_word' id='word_1_165' title='bbox 867 2336 961 2410; x_wconf 77' lang='lat' dir='ltr'><em>xciii.</em></span> <span class='ocrx_word' id='word_1_166' title='bbox 988 2335 1149 2409; x_wconf 81' lang='lat' dir='ltr'><em>Veneriis.</em></span> 
     </span>
    </p>

    <p class='ocr_par' dir='ltr' id='par_1_6' title="bbox 152 2429 1887 3218">
     <span class='ocr_line' id='line_1_17' title="bbox 292 2429 1782 2531; baseline 0.006 -29"><span class='ocrx_word' id='word_1_167' title='bbox 292 2502 297 2511; x_wconf 83' lang='grc'><strong>,</strong></span> <span class='ocrx_word' id='word_1_168' title='bbox 323 2454 355 2503; x_wconf 86' lang='lat' dir='ltr'><em>u.</em></span> <span class='ocrx_word' id='word_1_169' title='bbox 383 2429 576 2506; x_wconf 67' lang='lat' dir='ltr'><em>Semurium</em></span> <span class='ocrx_word' id='word_1_170' title='bbox 602 2431 763 2506; x_wconf 78' lang='lat' dir='ltr'><em>l&#39;eselnule</em></span> <span class='ocrx_word' id='word_1_171' title='bbox 784 2446 816 2506; x_wconf 82' lang='lat' dir='ltr'><em>el</em></span> <span class='ocrx_word' id='word_1_172' title='bbox 841 2430 1066 2531; x_wconf 81' lang='lat' dir='ltr'><em>Conclufiunes</em></span> <span class='ocrx_word' id='word_1_173' title='bbox 1083 2432 1187 2530; x_wconf 78' lang='lat' dir='ltr'><em>super</em></span> <span class='ocrx_word' id='word_1_174' title='bbox 1209 2430 1344 2527; x_wconf 81' lang='lat' dir='ltr'><em>sextum</em></span> <span class='ocrx_word' id='word_1_175' title='bbox 1367 2444 1400 2506; x_wconf 87' lang='lat' dir='ltr'><em>el</em></span> <span class='ocrx_word' id='word_1_176' title='bbox 1435 2431 1666 2511; x_wconf 75' lang='lat' dir='ltr'><em>Clemnlinus.</em></span> <span class='ocrx_word' id='word_1_177' title='bbox 1699 2460 1782 2511; x_wconf 85' lang='lat' dir='ltr'><em>cum</em></span> 
     </span>
     <span class='ocr_line' id='line_1_18' title="bbox 157 2526 1783 2628; baseline 0.006 -25"><span class='ocrx_word' id='word_1_178' title='bbox 157 2526 358 2623; x_wconf 71' lang='lat' dir='ltr'><em>insignibus</em></span> <span class='ocrx_word' id='word_1_179' title='bbox 385 2529 537 2624; x_wconf 80' lang='lat' dir='ltr'><em>duplicis</em></span> <span class='ocrx_word' id='word_1_180' title='bbox 552 2531 697 2628; x_wconf 78' lang='lat' dir='ltr'><em>nquilae.</em></span> <span class='ocrx_word' id='word_1_181' title='bbox 714 2529 790 2606; x_wconf 75' lang='lat'><strong>1²01.</strong></span> <span class='ocrx_word' id='word_1_182' title='bbox 843 2530 1003 2607; x_wconf 75' lang='lat' dir='ltr'><em>Charali.</em></span> <span class='ocrx_word' id='word_1_183' title='bbox 1023 2531 1124 2628; x_wconf 90' lang='lat' dir='ltr'><em>goth.</em></span> <span class='ocrx_word' id='word_1_184' title='bbox 1150 2529 1230 2605; x_wconf 86' lang='lat' dir='ltr'><em>coll.</em></span> <span class='ocrx_word' id='word_1_185' title='bbox 1256 2555 1289 2609; x_wconf 84' lang='lat'><em>2.</em></span> <span class='ocrx_word' id='word_1_186' title='bbox 1312 2553 1396 2606; x_wconf 90' lang='lat' dir='ltr'><em>cum</em></span> <span class='ocrx_word' id='word_1_187' title='bbox 1420 2527 1544 2626; x_wconf 76' lang='lat' dir='ltr'><em>fignut.</em></span> <span class='ocrx_word' id='word_1_188' title='bbox 1561 2531 1634 2607; x_wconf 86' lang='lat' dir='ltr'><em>line</em></span> <span class='ocrx_word' id='word_1_189' title='bbox 1649 2535 1783 2615; x_wconf 79' lang='lat' dir='ltr'><em>custod.</em></span> 
     </span>
     <span class='ocr_line' id='line_1_19' title="bbox 158 2622 1887 2728; baseline -0.001 -22"><span class='ocrx_word' id='word_1_190' title='bbox 158 2628 197 2706; x_wconf 74' lang='grc' dir='ltr'><em>δι</em></span> <span class='ocrx_word' id='word_1_191' title='bbox 222 2649 320 2701; x_wconf 91' lang='lat' dir='ltr'><em>num.</em></span> <span class='ocrx_word' id='word_1_192' title='bbox 345 2625 420 2700; x_wconf 88' lang='lat' dir='ltr'><em>foll.</em></span> <span class='ocrx_word' id='word_1_193' title='bbox 474 2622 535 2701; x_wconf 81' lang='lat' dir='ltr'><em>Ad</em></span> <span class='ocrx_word' id='word_1_194' title='bbox 555 2629 693 2703; x_wconf 87' lang='lat' dir='ltr'>calcem</span> <span class='ocrx_word' id='word_1_195' title='bbox 714 2627 974 2703; x_wconf 85' lang='lat' dir='ltr'><em>conclufionnm</em></span> <span class='ocrx_word' id='word_1_196' title='bbox 999 2629 1099 2722; x_wconf 85' lang='lat' dir='ltr'><em>super</em></span> <span class='ocrx_word' id='word_1_197' title='bbox 1113 2626 1269 2702; x_wconf 88' lang='lat' dir='ltr'><em>Sextum</em></span> <span class='ocrx_word' id='word_1_198' title='bbox 1289 2628 1446 2723; x_wconf 86' lang='lat' dir='ltr'><em>legitur:</em></span> <span class='ocrx_word' id='word_1_199' title='bbox 1474 2626 1667 2705; x_wconf 85' lang='lat' dir='ltr'><em>Summuriu</em></span> <span class='ocrx_word' id='word_1_200' title='bbox 1688 2636 1784 2728; x_wconf 80' lang='lat' dir='ltr'><em>pori-</em></span> <span class='ocrx_word' id='word_1_201' title='bbox 1885 2668 1887 2673; x_wconf 81' lang='lat'><strong>.</strong></span> 
     </span>
     <span class='ocr_line' id='line_1_20' title="bbox 159 2724 1787 2827; baseline 0.001 -26"><span class='ocrx_word' id='word_1_202' title='bbox 159 2737 262 2805; x_wconf 82' lang='lat' dir='ltr'><em>leret</em></span> <span class='ocrx_word' id='word_1_203' title='bbox 285 2724 624 2822; x_wconf 83' lang='lat' dir='ltr'><em>conclnstones-Sexti</em></span> <span class='ocrx_word' id='word_1_204' title='bbox 645 2731 801 2801; x_wconf 81' lang='lat' dir='ltr'><em>ucenrule</em></span> <span class='ocrx_word' id='word_1_205' title='bbox 825 2739 857 2801; x_wconf 83' lang='lat' dir='ltr'><em>el</em></span> <span class='ocrx_word' id='word_1_206' title='bbox 874 2725 1098 2824; x_wconf 74' lang='lat' dir='ltr'><em>&#39;compendiose</em></span> <span class='ocrx_word' id='word_1_207' title='bbox 1126 2751 1169 2800; x_wconf 88' lang='lat' dir='ltr'><em>esu</em></span> <span class='ocrx_word' id='word_1_208' title='bbox 1194 2724 1379 2811; x_wconf 80' lang='lat' dir='ltr'><em>dolluribus</em></span> <span class='ocrx_word' id='word_1_209' title='bbox 1406 2729 1498 2801; x_wconf 88' lang='lat' dir='ltr'><em>circu</em></span> <span class='ocrx_word' id='word_1_210' title='bbox 1533 2729 1669 2803; x_wconf 86' lang='lat' dir='ltr'><em>eundern</em></span> <span class='ocrx_word' id='word_1_211' title='bbox 1694 2729 1787 2827; x_wconf 86' lang='lat' dir='ltr'><em>scri-</em></span> 
     </span>
     <span class='ocr_line' id='line_1_21' title="bbox 159 2821 1785 2929; baseline 0.004 -32"><span class='ocrx_word' id='word_1_212' title='bbox 159 2821 310 2905; x_wconf 75' lang='lat' dir='ltr'><em>bentibus</em></span> <span class='ocrx_word' id='word_1_213' title='bbox 332 2847 395 2920; x_wconf 80' lang='lat' dir='ltr'><em>per</em></span> <span class='ocrx_word' id='word_1_214' title='bbox 420 2821 644 2898; x_wconf 78' lang='lat' dir='ltr'><em>honorabilem</em></span> <span class='ocrx_word' id='word_1_215' title='bbox 666 2827 776 2899; x_wconf 85' lang='lat' dir='ltr'><em>virum</em></span> <span class='ocrx_word' id='word_1_216' title='bbox 796 2826 964 2899; x_wconf 86' lang='lat' dir='ltr'><em>dominnm</em></span> <span class='ocrx_word' id='word_1_217' title='bbox 982 2821 1177 2929; x_wconf 63' lang='lat' dir='ltr'><em>Julrunnenr</em></span> <span class='ocrx_word' id='word_1_218' title='bbox 1196 2823 1336 2901; x_wconf 87' lang='lat' dir='ltr'><em>Kolner.</em></span> <span class='ocrx_word' id='word_1_219' title='bbox 1362 2825 1403 2900; x_wconf 87' lang='lat' dir='ltr'><em>de</em></span> <span class='ocrx_word' id='word_1_220' title='bbox 1425 2824 1559 2900; x_wconf 79' lang='lat' dir='ltr'><em>Vunlel</em></span> <span class='ocrx_word' id='word_1_221' title='bbox 1587 2832 1711 2901; x_wconf 87' lang='lat' dir='ltr'><em>urlinm</em></span> <span class='ocrx_word' id='word_1_222' title='bbox 1739 2833 1785 2904; x_wconf 87' lang='lat' dir='ltr'><em>ll·</em></span> 
     </span>
     <span class='ocr_line' id='line_1_22' title="bbox 159 2921 1785 3020; baseline 0 -19"><span class='ocrx_word' id='word_1_223' title='bbox 159 2921 320 3002; x_wconf 84' lang='lat' dir='ltr'><em>beralium</em></span> <span class='ocrx_word' id='word_1_224' title='bbox 341 2924 544 3020; x_wconf 79' lang='lat' dir='ltr'><em>mugislrunr.</em></span> <span class='ocrx_word' id='word_1_225' title='bbox 569 2923 653 2994; x_wconf 88' lang='lat' dir='ltr'><em>iuris</em></span> <span class='ocrx_word' id='word_1_226' title='bbox 674 2922 841 3018; x_wconf 81' lang='lat' dir='ltr'><em>utriusque</em></span> <span class='ocrx_word' id='word_1_227' title='bbox 858 2922 1030 2998; x_wconf 68' lang='lat' dir='ltr'><em>dodorern.</em></span> <span class='ocrx_word' id='word_1_228' title='bbox 1050 2961 1101 2983; x_wconf 75' lang='grc' dir='ltr'><em>ι·-</em></span> <span class='ocrx_word' id='word_1_229' title='bbox 1151 2921 1196 2996; x_wconf 88' lang='lat' dir='ltr'><em>In</em></span> <span class='ocrx_word' id='word_1_230' title='bbox 1227 2925 1300 2996; x_wconf 90' lang='lat' dir='ltr'><em>iure</em></span> <span class='ocrx_word' id='word_1_231' title='bbox 1328 2925 1487 2997; x_wconf 89' lang='lat' dir='ltr'><em>cunonico</em></span> <span class='ocrx_word' id='word_1_232' title='bbox 1515 2923 1726 2999; x_wconf 83' lang='lat' dir='ltr'><em>ordinarium</em></span> <span class='ocrx_word' id='word_1_233' title='bbox 1748 2932 1785 3002; x_wconf 91' lang='lat' dir='ltr'><em>in</em></span> 
     </span>
     <span class='ocr_line' id='line_1_23' title="bbox 152 3018 1786 3121; baseline -0.004 -24"><span class='ocrx_word' id='word_1_234' title='bbox 152 3019 380 3121; x_wconf 77' lang='lat' dir='ltr'><em>florenlifflmu</em></span> <span class='ocrx_word' id='word_1_235' title='bbox 395 3020 508 3119; x_wconf 82' lang='lat' dir='ltr'><em>Jlnsls&#39;o</em></span> <span class='ocrx_word' id='word_1_236' title='bbox 522 3019 682 3095; x_wconf 78' lang='lat' dir='ltr'><em>colonien.</em></span> <span class='ocrx_word' id='word_1_237' title='bbox 704 3018 848 3094; x_wconf 70' lang='lat' dir='ltr'><em>solleliu.</em></span> <span class='ocrx_word' id='word_1_238' title='bbox 876 3018 983 3094; x_wconf 81' lang='lat' dir='ltr'><em>Anno</em></span> <span class='ocrx_word' id='word_1_239' title='bbox 998 3021 1112 3116; x_wconf 82' lang='lat' dir='ltr'><em>grulie</em></span> <span class='ocrx_word' id='word_1_240' title='bbox 1133 3021 1187 3093; x_wconf 90' lang='grc' dir='ltr'><em>Μ.</em></span> <span class='ocrx_word' id='word_1_241' title='bbox 1202 3042 1299 3098; x_wconf 83' lang='lat' dir='ltr'><strong>cccc.</strong></span> <span class='ocrx_word' id='word_1_242' title='bbox 1316 3020 1412 3118; x_wconf 86' lang='lat' dir='ltr'><em>xciij.</em></span> <span class='ocrx_word' id='word_1_243' title='bbox 1434 3024 1468 3094; x_wconf 86' lang='lat' dir='ltr'><em>in</em></span> <span class='ocrx_word' id='word_1_244' title='bbox 1485 3022 1606 3118; x_wconf 82' lang='lat' dir='ltr'><em>vigilio</em></span> <span class='ocrx_word' id='word_1_245' title='bbox 1622 3024 1786 3119; x_wconf 80' lang='lat' dir='ltr'><em>purifica..</em></span> 
     </span>
     <span class='ocr_line' id='line_1_24' title="bbox 160 3115 1787 3218; baseline -0.001 -19"><span class='ocrx_word' id='word_1_246' title='bbox 160 3122 262 3199; x_wconf 81' lang='lat' dir='ltr'><em>lionis</em></span> <span class='ocrx_word' id='word_1_247' title='bbox 282 3119 374 3194; x_wconf 80' lang='lat' dir='ltr'><em>brute</em></span> <span class='ocrx_word' id='word_1_248' title='bbox 396 3118 450 3192; x_wconf 85' lang='lat' dir='ltr'><em>slei</em></span> <span class='ocrx_word' id='word_1_249' title='bbox 471 3119 642 3212; x_wconf 80' lang='lat' dir='ltr'><em>genitricis</em></span> <span class='ocrx_word' id='word_1_250' title='bbox 671 3158 716 3172; x_wconf 90' lang='lat'><em>·—</em></span> <span class='ocrx_word' id='word_1_251' title='bbox 742 3119 788 3192; x_wconf 87' lang='lat' dir='ltr'><em>in</em></span> <span class='ocrx_word' id='word_1_252' title='bbox 813 3115 895 3218; x_wconf 81' lang='lat' dir='ltr'><em>reffu</em></span> <span class='ocrx_word' id='word_1_253' title='bbox 909 3118 1014 3213; x_wconf 85' lang='lat' dir='ltr'><em>fineen</em></span> <span class='ocrx_word' id='word_1_254' title='bbox 1047 3127 1243 3214; x_wconf 77' lang='lat' dir='ltr'><em>occeperunt</em></span> <span class='ocrx_word' id='word_1_255' title='bbox 1254 3117 1415 3209; x_wconf 80' lang='lat' dir='ltr'><em>feliciter.</em></span> <span class='ocrx_word' id='word_1_256' title='bbox 1479 3117 1637 3195; x_wconf 79' lang='lat' dir='ltr'><em>Seorfim</em></span> <span class='ocrx_word' id='word_1_257' title='bbox 1659 3121 1787 3198; x_wconf 84' lang='lat' dir='ltr'><em>haberi</em></span> 
     </span>
    </p>

    <p class='ocr_par' dir='ltr' id='par_1_7' title="bbox 135 3143 1786 3411">
     <span class='ocr_line' id='line_1_25' title="bbox 135 3143 1786 3318; baseline 0.005 -28"><span class='ocrx_word' id='word_1_258' title='bbox 135 3215 274 3318; x_wconf 65' lang='lat' dir='ltr'><em>&#39;pollet</em></span> <span class='ocrx_word' id='word_1_259' title='bbox 297 3215 522 3292; x_wconf 87' lang='lat' dir='ltr'><em>Summurium</em></span> <span class='ocrx_word' id='word_1_260' title='bbox 546 3215 694 3290; x_wconf 82' lang='lat' dir='ltr'><em>lexlnule</em></span> <span class='ocrx_word' id='word_1_261' title='bbox 720 3229 752 3291; x_wconf 85' lang='lat' dir='ltr'><em>el</em></span> <span class='ocrx_word' id='word_1_262' title='bbox 775 3143 1000 3312; x_wconf 58' lang='lat' dir='ltr'><em>gonclnstones</em></span> <span class='ocrx_word' id='word_1_263' title='bbox 1026 3214 1321 3299; x_wconf 86' lang='lat' dir='ltr'><em>Clrmenlinuruen,</em></span> <span class='ocrx_word' id='word_1_264' title='bbox 1374 3237 1432 3291; x_wconf 88' lang='lat' dir='ltr'><em>uae</em></span> <span class='ocrx_word' id='word_1_265' title='bbox 1448 3213 1581 3293; x_wconf 86' lang='lat' dir='ltr'><em>iisdem</em></span> <span class='ocrx_word' id='word_1_266' title='bbox 1603 3220 1719 3315; x_wconf 86' lang='lat' dir='ltr'><strong>typis,</strong></span> <span class='ocrx_word' id='word_1_267' title='bbox 1744 3220 1786 3298; x_wconf 72' lang='grc' dir='ltr'><em>ὅτ</em></span> 
     </span>
     <span class='ocr_line' id='line_1_26' title="bbox 163 3237 1499 3411; baseline -0.007 -14"><span class='ocrx_word' id='word_1_268' title='bbox 163 3317 284 3397; x_wconf 84' lang='lat' dir='ltr'><em>eidem</em></span> <span class='ocrx_word' id='word_1_269' title='bbox 306 3316 442 3391; x_wconf 82' lang='lat' dir='ltr'><em>chartae</em></span> <span class='ocrx_word' id='word_1_270' title='bbox 469 3313 643 3409; x_wconf 80' lang='lat' dir='ltr'><em>impreliae</em></span> <span class='ocrx_word' id='word_1_271' title='bbox 664 3314 754 3390; x_wconf 91' lang='lat' dir='ltr'><em>sunt.</em></span> <span class='ocrx_word' id='word_1_272' title='bbox 805 3312 866 3389; x_wconf 84' lang='lat' dir='ltr'><em>Ad</em></span> <span class='ocrx_word' id='word_1_273' title='bbox 892 3314 1027 3390; x_wconf 78' lang='lat' dir='ltr'><em>calcem</em></span> <span class='ocrx_word' id='word_1_274' title='bbox 1053 3313 1121 3390; x_wconf 84' lang='lat' dir='ltr'><em>iola</em></span> <span class='ocrx_word' id='word_1_275' title='bbox 1147 3332 1220 3387; x_wconf 84' lang='lat' dir='ltr'><em>vox</em></span> <span class='ocrx_word' id='word_1_276' title='bbox 1245 3237 1499 3411; x_wconf 65' lang='lat' dir='ltr'><em>ffinlsbegrtur.</em></span> 
     </span>
    </p>

    <p class='ocr_par' dir='ltr' id='par_1_8' title="bbox 141 3408 1788 4692">
     <span class='ocr_line' id='line_1_27' title="bbox 163 3408 1786 3510; baseline 0.007 -31"><span class='ocrx_word' id='word_1_277' title='bbox 163 3464 185 3481; x_wconf 84' lang='grc'><em>.,</em></span> <span class='ocrx_word' id='word_1_278' title='bbox 326 3439 360 3508; x_wconf 83' lang='lat'><em>3.</em></span> <span class='ocrx_word' id='word_1_279' title='bbox 387 3412 559 3510; x_wconf 83' lang='lat' dir='ltr'><em>Johannis</em></span> <span class='ocrx_word' id='word_1_280' title='bbox 584 3411 764 3497; x_wconf 80' lang='lat' dir='ltr'><em>Versoris‚</em></span> <span class='ocrx_word' id='word_1_281' title='bbox 789 3412 995 3488; x_wconf 80' lang='lat' dir='ltr'><em>Profefforis</em></span> <span class='ocrx_word' id='word_1_282' title='bbox 1030 3409 1271 3499; x_wconf 86' lang='lat' dir='ltr'><em>Colonienlis‚</em></span> <span class='ocrx_word' id='word_1_283' title='bbox 1304 3410 1459 3510; x_wconf 82' lang='lat' dir='ltr'><em>sociique</em></span> <span class='ocrx_word' id='word_1_284' title='bbox 1488 3408 1613 3487; x_wconf 84' lang='lat' dir='ltr'><em>Burlae</em></span> <span class='ocrx_word' id='word_1_285' title='bbox 1645 3414 1786 3490; x_wconf 77' lang='lat' dir='ltr'><em>montis</em></span> 
     </span>
     <span class='ocr_line' id='line_1_28' title="bbox 164 3506 1785 3608; baseline 0.001 -22"><span class='ocrx_word' id='word_1_286' title='bbox 164 3511 389 3600; x_wconf 79' lang='lat' dir='ltr'><em>Quaestiones</em></span> <span class='ocrx_word' id='word_1_287' title='bbox 420 3507 460 3606; x_wconf 92' lang='lat'><em>1)</em></span> <span class='ocrx_word' id='word_1_288' title='bbox 483 3509 586 3606; x_wconf 89' lang='lat' dir='ltr'><em>super</em></span> <span class='ocrx_word' id='word_1_289' title='bbox 602 3511 677 3585; x_wconf 90' lang='lat' dir='ltr'><em>LL.</em></span> <span class='ocrx_word' id='word_1_290' title='bbox 701 3508 849 3586; x_wconf 88' lang='lat' dir='ltr'><em>Aristot.</em></span> <span class='ocrx_word' id='word_1_291' title='bbox 880 3513 926 3586; x_wconf 89' lang='lat' dir='ltr'><em>de</em></span> <span class='ocrx_word' id='word_1_292' title='bbox 951 3511 1052 3586; x_wconf 84' lang='lat' dir='ltr'><em>Caelo</em></span> <span class='ocrx_word' id='word_1_293' title='bbox 1076 3510 1112 3588; x_wconf 76' lang='lat' dir='ltr'><em>br</em></span> <span class='ocrx_word' id='word_1_294' title='bbox 1136 3509 1283 3584; x_wconf 91' lang='lat' dir='ltr'><em>mundo.</em></span> <span class='ocrx_word' id='word_1_295' title='bbox 1337 3506 1379 3608; x_wconf 89' lang='lat'><em>2)</em></span> <span class='ocrx_word' id='word_1_296' title='bbox 1403 3509 1523 3604; x_wconf 86' lang='lat' dir='ltr'><em>Super</em></span> <span class='ocrx_word' id='word_1_297' title='bbox 1546 3531 1655 3604; x_wconf 82' lang='lat' dir='ltr'><em>parva</em></span> <span class='ocrx_word' id='word_1_298' title='bbox 1678 3526 1785 3588; x_wconf 84' lang='lat' dir='ltr'>natu·</span> 
     </span>
     <span class='ocr_line' id='line_1_29' title="bbox 163 3605 1785 3704; baseline -0.002 -15"><span class='ocrx_word' id='word_1_299' title='bbox 163 3611 267 3689; x_wconf 81' lang='lat' dir='ltr'><em>ralia.</em></span> <span class='ocrx_word' id='word_1_300' title='bbox 321 3605 364 3704; x_wconf 79' lang='lat'><em>3)</em></span> <span class='ocrx_word' id='word_1_301' title='bbox 392 3607 574 3682; x_wconf 82' lang='lat' dir='ltr'><em>Gerhurdi</em></span> <span class='ocrx_word' id='word_1_302' title='bbox 601 3609 647 3682; x_wconf 90' lang='lat' dir='ltr'><em>de</em></span> <span class='ocrx_word' id='word_1_303' title='bbox 673 3610 798 3684; x_wconf 85' lang='lat' dir='ltr'><em>Monte</em></span> <span class='ocrx_word' id='word_1_304' title='bbox 821 3606 967 3683; x_wconf 82' lang='lat' dir='ltr'><em>Artium</em></span> <span class='ocrx_word' id='word_1_305' title='bbox 988 3609 1039 3683; x_wconf 86' lang='lat' dir='ltr'><em>M.</em></span> <span class='ocrx_word' id='word_1_306' title='bbox 1059 3609 1098 3686; x_wconf 79' lang='lat' dir='ltr'><em>lie</em></span> <span class='ocrx_word' id='word_1_307' title='bbox 1120 3607 1246 3683; x_wconf 77' lang='lat' dir='ltr'><em>Theol.</em></span> <span class='ocrx_word' id='word_1_308' title='bbox 1267 3608 1365 3682; x_wconf 85' lang='lat' dir='ltr'><em>Prof.</em></span> <span class='ocrx_word' id='word_1_309' title='bbox 1391 3630 1500 3703; x_wconf 84' lang='lat' dir='ltr'><em>aquo</em></span> <span class='ocrx_word' id='word_1_310' title='bbox 1519 3605 1629 3684; x_wconf 83' lang='lat' dir='ltr'><em>Bursa</em></span> <span class='ocrx_word' id='word_1_311' title='bbox 1647 3609 1785 3686; x_wconf 83' lang='lat' dir='ltr'><em>Montis</em></span> 
     </span>
     <span class='ocr_line' id='line_1_30' title="bbox 141 3703 1787 3804; baseline 0.001 -23"><span class='ocrx_word' id='word_1_312' title='bbox 141 3732 302 3789; x_wconf 86' lang='lat' dir='ltr'><em>-nomen</em></span> <span class='ocrx_word' id='word_1_313' title='bbox 321 3705 481 3801; x_wconf 80' lang='lat' dir='ltr'><em>accepit,</em></span> <span class='ocrx_word' id='word_1_314' title='bbox 508 3705 610 3802; x_wconf 88' lang='lat' dir='ltr'><em>super</em></span> <span class='ocrx_word' id='word_1_315' title='bbox 625 3705 830 3781; x_wconf 75' lang='lat' dir='ltr'><em>Treliutum</em></span> <span class='ocrx_word' id='word_1_316' title='bbox 857 3707 894 3780; x_wconf 92' lang='lat' dir='ltr'><em>S.</em></span> <span class='ocrx_word' id='word_1_317' title='bbox 911 3706 1063 3783; x_wconf 83' lang='lat' dir='ltr'>Thomae</span> <span class='ocrx_word' id='word_1_318' title='bbox 1085 3703 1156 3802; x_wconf 88' lang='lat' dir='ltr'><em>Aq.</em></span> <span class='ocrx_word' id='word_1_319' title='bbox 1181 3705 1228 3780; x_wconf 87' lang='lat' dir='ltr'><em>de</em></span> <span class='ocrx_word' id='word_1_320' title='bbox 1246 3718 1330 3780; x_wconf 90' lang='lat' dir='ltr'><em>ente</em></span> <span class='ocrx_word' id='word_1_321' title='bbox 1351 3703 1562 3787; x_wconf 79' lang='lat' dir='ltr'><em>&amp;olientin</em></span> <span class='ocrx_word' id='word_1_322' title='bbox 1609 3703 1656 3804; x_wconf 83' lang='lat'><em>4)</em></span> <span class='ocrx_word' id='word_1_323' title='bbox 1678 3705 1787 3803; x_wconf 81' lang='lat' dir='ltr'><em>Ejus·</em></span> 
     </span>
     <span class='ocr_line' id='line_1_31' title="bbox 163 3799 1785 3901; baseline -0.002 -17"><span class='ocrx_word' id='word_1_324' title='bbox 163 3806 249 3884; x_wconf 87' lang='lat' dir='ltr'><em>de&#39;m</em></span> <span class='ocrx_word' id='word_1_325' title='bbox 274 3804 462 3882; x_wconf 79' lang='lat' dir='ltr'><em>Truliatus</em></span> <span class='ocrx_word' id='word_1_326' title='bbox 483 3804 529 3878; x_wconf 88' lang='lat' dir='ltr'><em>de</em></span> <span class='ocrx_word' id='word_1_327' title='bbox 548 3803 817 3879; x_wconf 83' lang='lat' dir='ltr'><em>Concordantia</em></span> <span class='ocrx_word' id='word_1_328' title='bbox 839 3804 879 3882; x_wconf 90' lang='lat' dir='ltr'><em>S.</em></span> <span class='ocrx_word' id='word_1_329' title='bbox 899 3802 1102 3880; x_wconf 84' lang='lat' dir='ltr'><em>ThornaeA</em></span> <span class='ocrx_word' id='word_1_330' title='bbox 1128 3860 1137 3878; x_wconf 91' lang='lat'><strong>.</strong></span> <span class='ocrx_word' id='word_1_331' title='bbox 1162 3802 1200 3879; x_wconf 88' lang='lat'>&amp;</span> <span class='ocrx_word' id='word_1_332' title='bbox 1218 3799 1359 3877; x_wconf 86' lang='lat' dir='ltr'><em>Alberti</em></span> <span class='ocrx_word' id='word_1_333' title='bbox 1382 3803 1435 3878; x_wconf 93' lang='grc' dir='ltr'><em>Μ.</em></span> <span class='ocrx_word' id='word_1_334' title='bbox 1487 3801 1530 3901; x_wconf 83' lang='lat'><em>5)</em></span> <span class='ocrx_word' id='word_1_335' title='bbox 1553 3801 1632 3901; x_wconf 88' lang='lat' dir='ltr'><em>Job.</em></span> <span class='ocrx_word' id='word_1_336' title='bbox 1656 3803 1690 3880; x_wconf 84' lang='lat' dir='ltr'>V</span> <span class='ocrx_word' id='word_1_337' title='bbox 1691 3806 1785 3881; x_wconf 86' lang='lat' dir='ltr'><em>erso-</em></span> 
     </span>
     <span class='ocr_line' id='line_1_32' title="bbox 165 3828 1785 3998; baseline 0.001 -19"><span class='ocrx_word' id='word_1_338' title='bbox 165 3906 220 3985; x_wconf 80' lang='lat' dir='ltr'><em>ris</em></span> <span class='ocrx_word' id='word_1_339' title='bbox 246 3900 472 3990; x_wconf 82' lang='lat' dir='ltr'><em>Quaestiones</em></span> <span class='ocrx_word' id='word_1_340' title='bbox 486 3902 588 3996; x_wconf 87' lang='lat' dir='ltr'><em>super</em></span> <span class='ocrx_word' id='word_1_341' title='bbox 601 3898 749 3977; x_wconf 84' lang='lat' dir='ltr'><em>Aristol.</em></span> <span class='ocrx_word' id='word_1_342' title='bbox 765 3902 812 3976; x_wconf 91' lang='lat' dir='ltr'><em>de</em></span> <span class='ocrx_word' id='word_1_343' title='bbox 825 3903 1078 3995; x_wconf 78' lang='lat' dir='ltr'><em>generatione,</em></span> <span class='ocrx_word' id='word_1_344' title='bbox 1103 3828 1411 3996; x_wconf 64' lang='lat' dir='ltr'><em>incorruptione.</em></span> <span class='ocrx_word' id='word_1_345' title='bbox 1462 3899 1505 3998; x_wconf 83' lang='lat' dir='ltr'><em>b)</em></span> <span class='ocrx_word' id='word_1_346' title='bbox 1527 3902 1575 3977; x_wconf 85' lang='lat' dir='ltr'><em>Et</em></span> <span class='ocrx_word' id='word_1_347' title='bbox 1593 3901 1693 3998; x_wconf 85' lang='lat' dir='ltr'><em>super</em></span> <span class='ocrx_word' id='word_1_348' title='bbox 1711 3904 1785 3980; x_wconf 76' lang='lat' dir='ltr'><em>LL.</em></span> 
     </span>
     <span class='ocr_line' id='line_1_33' title="bbox 162 3998 1783 4097; baseline 0.002 -24"><span class='ocrx_word' id='word_1_349' title='bbox 162 4003 453 4085; x_wconf 80' lang='lat' dir='ltr'><em>Metheororum.</em></span> <span class='ocrx_word' id='word_1_350' title='bbox 470 3999 499 4076; x_wconf 89' lang='lat' dir='ltr'>F</span> <span class='ocrx_word' id='word_1_351' title='bbox 501 4001 549 4076; x_wconf 93' lang='lat' dir='ltr'><em>ol.</em></span> <span class='ocrx_word' id='word_1_352' title='bbox 599 3999 760 4077; x_wconf 79' lang='lat' dir='ltr'><em>Charali.</em></span> <span class='ocrx_word' id='word_1_353' title='bbox 786 4011 911 4075; x_wconf 87' lang='lat' dir='ltr'><em>textus</em></span> <span class='ocrx_word' id='word_1_354' title='bbox 931 3999 1100 4075; x_wconf 82' lang='lat' dir='ltr'><em>incolent.</em></span> <span class='ocrx_word' id='word_1_355' title='bbox 1113 4011 1348 4074; x_wconf 81' lang='lat' dir='ltr'><em>commentar.</em></span> <span class='ocrx_word' id='word_1_356' title='bbox 1369 3998 1496 4071; x_wconf 91' lang='lat' dir='ltr'><em>minut.</em></span> <span class='ocrx_word' id='word_1_357' title='bbox 1513 4011 1664 4094; x_wconf 85' lang='lat' dir='ltr'><em>uterque</em></span> <span class='ocrx_word' id='word_1_358' title='bbox 1682 4003 1783 4097; x_wconf 86' lang='lat' dir='ltr'><em>goth.</em></span> 
     </span>
     <span class='ocr_line' id='line_1_34' title="bbox 166 4093 1784 4193; baseline 0 -19"><span class='ocrx_word' id='word_1_359' title='bbox 166 4120 254 4178; x_wconf 81' lang='lat' dir='ltr'><em>curn</em></span> <span class='ocrx_word' id='word_1_360' title='bbox 273 4095 394 4190; x_wconf 76' lang='lat' dir='ltr'><em>signat.</em></span> <span class='ocrx_word' id='word_1_361' title='bbox 413 4099 451 4174; x_wconf 78' lang='lat' dir='ltr'><em>bc</em></span> <span class='ocrx_word' id='word_1_362' title='bbox 474 4097 662 4189; x_wconf 70' lang='lat' dir='ltr'><em>numioll.</em></span> <span class='ocrx_word' id='word_1_363' title='bbox 685 4120 822 4173; x_wconf 87' lang='lat' dir='ltr'><em>roman.</em></span> <span class='ocrx_word' id='word_1_364' title='bbox 845 4093 917 4171; x_wconf 83' lang='lat' dir='ltr'><em>ime</em></span> <span class='ocrx_word' id='word_1_365' title='bbox 933 4094 1067 4170; x_wconf 88' lang='lat' dir='ltr'><em>custod.</em></span> <span class='ocrx_word' id='word_1_366' title='bbox 1119 4095 1219 4193; x_wconf 87' lang='lat' dir='ltr'><em>Opus</em></span> <span class='ocrx_word' id='word_1_367' title='bbox 1234 4122 1268 4172; x_wconf 92' lang='lat' dir='ltr'><em>n.</em></span> <span class='ocrx_word' id='word_1_368' title='bbox 1282 4123 1312 4172; x_wconf 89' lang='lat'><em>1.</em></span> <span class='ocrx_word' id='word_1_369' title='bbox 1337 4095 1433 4171; x_wconf 84' lang='lat' dir='ltr'><em>foliis</em></span> <span class='ocrx_word' id='word_1_370' title='bbox 1455 4121 1514 4191; x_wconf 87' lang='lat'><em>42.</em></span> <span class='ocrx_word' id='word_1_371' title='bbox 1538 4121 1574 4169; x_wconf 89' lang='lat' dir='ltr'><em>n.</em></span> <span class='ocrx_word' id='word_1_372' title='bbox 1594 4123 1623 4170; x_wconf 82' lang='lat'><em>2.</em></span> <span class='ocrx_word' id='word_1_373' title='bbox 1643 4119 1674 4182; x_wconf 83' lang='lat'><em>3.</em></span> <span class='ocrx_word' id='word_1_374' title='bbox 1693 4098 1731 4171; x_wconf 60' lang='grc' dir='ltr'>ἃ</span> <span class='ocrx_word' id='word_1_375' title='bbox 1748 4126 1784 4186; x_wconf 79' lang='lat' dir='ltr'><em>n.</em></span> 
     </span>
     <span class='ocr_line' id='line_1_35' title="bbox 165 4190 1784 4290; baseline -0.003 -13"><span class='ocrx_word' id='word_1_376' title='bbox 165 4196 267 4277; x_wconf 78' lang='lat' dir='ltr'><em>loliis</em></span> <span class='ocrx_word' id='word_1_377' title='bbox 298 4204 357 4277; x_wconf 73' lang='lat' dir='ltr'><em>bin</em></span> <span class='ocrx_word' id='word_1_378' title='bbox 386 4218 475 4288; x_wconf 81' lang='lat'>1¹·5·</span> <span class='ocrx_word' id='word_1_379' title='bbox 502 4196 539 4273; x_wconf 71' lang='grc' dir='ltr'>ἀ</span> <span class='ocrx_word' id='word_1_380' title='bbox 568 4203 601 4273; x_wconf 86' lang='lat' dir='ltr'><em>b.</em></span> <span class='ocrx_word' id='word_1_381' title='bbox 625 4194 721 4275; x_wconf 83' lang='lat' dir='ltr'><em>foliis</em></span> <span class='ocrx_word' id='word_1_382' title='bbox 744 4197 803 4290; x_wconf 87' lang='lat'><em>63.</em></span> <span class='ocrx_word' id='word_1_383' title='bbox 830 4193 1003 4269; x_wconf 70' lang='lat' dir='ltr'><em>constane</em></span> <span class='ocrx_word' id='word_1_384' title='bbox 1055 4190 1117 4269; x_wconf 84' lang='lat' dir='ltr'><em>Ad</em></span> <span class='ocrx_word' id='word_1_385' title='bbox 1148 4194 1284 4270; x_wconf 82' lang='lat' dir='ltr'><em>calcem</em></span> <span class='ocrx_word' id='word_1_386' title='bbox 1316 4192 1368 4266; x_wconf 85' lang='lat' dir='ltr'><em>6ti</em></span> <span class='ocrx_word' id='word_1_387' title='bbox 1402 4191 1603 4287; x_wconf 84' lang='lat' dir='ltr'><em>subscriptio</em></span> <span class='ocrx_word' id='word_1_388' title='bbox 1632 4193 1784 4288; x_wconf 87' lang='lat' dir='ltr'><em>legitur:</em></span> 
     </span>
     <span class='ocr_line' id='line_1_36' title="bbox 166 4286 1786 4393; baseline -0.001 -25"><span class='ocrx_word' id='word_1_389' title='bbox 166 4295 359 4393; x_wconf 70' lang='lat' dir='ltr'><em>Qnelliones</em></span> <span class='ocrx_word' id='word_1_390' title='bbox 384 4294 533 4386; x_wconf 76' lang='lat' dir='ltr'><em>magistri</em></span> <span class='ocrx_word' id='word_1_391' title='bbox 555 4292 694 4368; x_wconf 84' lang='lat' dir='ltr'><em>Ioannis</em></span> <span class='ocrx_word' id='word_1_392' title='bbox 726 4290 881 4390; x_wconf 69' lang='lat' dir='ltr'><em>Uersuris</em></span> <span class='ocrx_word' id='word_1_393' title='bbox 894 4291 1004 4388; x_wconf 81' lang='lat' dir='ltr'><em>supro</em></span> <span class='ocrx_word' id='word_1_394' title='bbox 1029 4288 1134 4366; x_wconf 86' lang='lat' dir='ltr'><em>libros</em></span> <span class='ocrx_word' id='word_1_395' title='bbox 1148 4290 1399 4367; x_wconf 79' lang='lat' dir='ltr'><em>Merleorornrn</em></span> <span class='ocrx_word' id='word_1_396' title='bbox 1413 4286 1606 4391; x_wconf 77' lang='lat' dir='ltr'><em>Areslolelis</em></span> <span class='ocrx_word' id='word_1_397' title='bbox 1619 4314 1691 4379; x_wconf 81' lang='lat' dir='ltr'><em>eum</em></span> <span class='ocrx_word' id='word_1_398' title='bbox 1710 4303 1786 4367; x_wconf 84' lang='lat' dir='ltr'><em>rex·</em></span> 
     </span>
     <span class='ocr_line' id='line_1_37' title="bbox 164 4384 1787 4489; baseline 0 -22"><span class='ocrx_word' id='word_1_399' title='bbox 164 4407 208 4472; x_wconf 79' lang='lat' dir='ltr'><em>ru</em></span> <span class='ocrx_word' id='word_1_400' title='bbox 229 4393 282 4465; x_wconf 85' lang='lat' dir='ltr'><em>lu‘e</em></span> <span class='ocrx_word' id='word_1_401' title='bbox 296 4389 446 4485; x_wconf 79' lang='lat' dir='ltr'><em>feliciter</em></span> <span class='ocrx_word' id='word_1_402' title='bbox 460 4387 565 4485; x_wconf 80' lang='lat' dir='ltr'><em>fineen</em></span> <span class='ocrx_word' id='word_1_403' title='bbox 584 4389 715 4468; x_wconf 81' lang='lat' dir='ltr'><em>labent.</em></span> <span class='ocrx_word' id='word_1_404' title='bbox 766 4390 871 4468; x_wconf 86' lang='lat' dir='ltr'><em>Anno</em></span> <span class='ocrx_word' id='word_1_405' title='bbox 895 4393 999 4489; x_wconf 80' lang='lat' dir='ltr'><em>nostre</em></span> <span class='ocrx_word' id='word_1_406' title='bbox 1026 4388 1156 4486; x_wconf 80' lang='lat' dir='ltr'><em>solutis.</em></span> <span class='ocrx_word' id='word_1_407' title='bbox 1194 4392 1243 4464; x_wconf 93' lang='grc' dir='ltr'><em>Μ.</em></span> <span class='ocrx_word' id='word_1_408' title='bbox 1260 4411 1354 4464; x_wconf 89' lang='lat' dir='ltr'><strong>cccc.</strong></span> <span class='ocrx_word' id='word_1_409' title='bbox 1372 4386 1470 4484; x_wconf 87' lang='lat' dir='ltr'><em>xciij.</em></span> <span class='ocrx_word' id='word_1_410' title='bbox 1505 4385 1574 4482; x_wconf 77' lang='lat' dir='ltr'><em>ipfir</em></span> <span class='ocrx_word' id='word_1_411' title='bbox 1601 4384 1656 4460; x_wconf 89' lang='lat' dir='ltr'><em>die</em></span> <span class='ocrx_word' id='word_1_412' title='bbox 1690 4389 1787 4467; x_wconf 66' lang='lat' dir='ltr'><em>Sexte*</em></span> 
     </span>
     <span class='ocr_line' id='line_1_38' title="bbox 164 4483 1786 4595; baseline -0.001 -30"><span class='ocrx_word' id='word_1_413' title='bbox 164 4515 265 4595; x_wconf 72' lang='lat' dir='ltr'><em>pape.</em></span> <span class='ocrx_word' id='word_1_414' title='bbox 328 4485 489 4562; x_wconf 81' lang='lat' dir='ltr'><em>Postnaec</em></span> <span class='ocrx_word' id='word_1_415' title='bbox 515 4484 686 4583; x_wconf 79' lang='lat' dir='ltr'><em>Incipiunt</em></span> <span class='ocrx_word' id='word_1_416' title='bbox 707 4491 803 4575; x_wconf 73' lang='lat' dir='ltr'><em>tituli</em></span> <span class='ocrx_word' id='word_1_417' title='bbox 823 4492 1020 4586; x_wconf 71' lang='lat' dir='ltr'><em>questionum</em></span> <span class='ocrx_word' id='word_1_418' title='bbox 1038 4486 1108 4566; x_wconf 72' lang='lat' dir='ltr'><em>&amp;e</em></span> <span class='ocrx_word' id='word_1_419' title='bbox 1141 4486 1347 4582; x_wconf 87' lang='lat' dir='ltr'><em>cujusmodi</em></span> <span class='ocrx_word' id='word_1_420' title='bbox 1382 4485 1495 4560; x_wconf 86' lang='lat' dir='ltr'><em>etiam</em></span> <span class='ocrx_word' id='word_1_421' title='bbox 1523 4483 1622 4559; x_wconf 78' lang='lat' dir='ltr'><em>libris</em></span> <span class='ocrx_word' id='word_1_422' title='bbox 1653 4492 1786 4565; x_wconf 72' lang='lat' dir='ltr'><em>ceteris</em></span> 
     </span>
     <span class='ocr_line' id='line_1_39' title="bbox 165 4579 1788 4692; baseline 0.001 -30"><span class='ocrx_word' id='word_1_423' title='bbox 165 4585 310 4692; x_wconf 80' lang='lat' dir='ltr'><em>psaelrxi</em></span> <span class='ocrx_word' id='word_1_424' title='bbox 334 4581 422 4657; x_wconf 87' lang='lat' dir='ltr'><em>lunt.</em></span> <span class='ocrx_word' id='word_1_425' title='bbox 474 4582 569 4659; x_wconf 88' lang='lat' dir='ltr'><em>Cum</em></span> <span class='ocrx_word' id='word_1_426' title='bbox 594 4588 630 4661; x_wconf 83' lang='lat' dir='ltr'><em>ln</em></span> <span class='ocrx_word' id='word_1_427' title='bbox 645 4591 754 4690; x_wconf 71' lang='lat' dir='ltr'><em>,typis</em></span> <span class='ocrx_word' id='word_1_428' title='bbox 775 4589 929 4681; x_wconf 68' lang='lat' dir='ltr'><em>lisdem,</em></span> <span class='ocrx_word' id='word_1_429' title='bbox 953 4587 1149 4690; x_wconf 85' lang='lat' dir='ltr'><em>eidemque</em></span> <span class='ocrx_word' id='word_1_430' title='bbox 1172 4589 1311 4669; x_wconf 79' lang='lat' dir='ltr'><em>chartae</em></span> <span class='ocrx_word' id='word_1_431' title='bbox 1334 4579 1491 4685; x_wconf 83' lang='lat' dir='ltr'><em>imprelb</em></span> <span class='ocrx_word' id='word_1_432' title='bbox 1515 4580 1601 4676; x_wconf 79' lang='lat' dir='ltr'><em>but,</em></span> <span class='ocrx_word' id='word_1_433' title='bbox 1626 4581 1665 4664; x_wconf 77' lang='grc' dir='ltr'><em>δι</em></span> <span class='ocrx_word' id='word_1_434' title='bbox 1687 4583 1788 4678; x_wconf 75' lang='lat' dir='ltr'><em>spuo</em></span> 
     </span>
    </p>

    <p class='ocr_par' dir='ltr' id='par_1_9' title="bbox 215 4676 1737 4785">
     <span class='ocr_line' id='line_1_40' title="bbox 215 4676 1737 4785; baseline 0 -22"><span class='ocrx_word' id='word_1_435' title='bbox 215 4681 388 4785; x_wconf 77' lang='lat' dir='ltr'><em>Seeniller</em></span> <span class='ocrx_word' id='word_1_436' title='bbox 406 4678 503 4785; x_wconf 83' lang='lat' dir='ltr'><em>Fusc.</em></span> <span class='ocrx_word' id='word_1_437' title='bbox 524 4676 600 4762; x_wconf 87' lang='lat' dir='ltr'><em>IV.</em></span> <span class='ocrx_word' id='word_1_438' title='bbox 959 4682 996 4767; x_wconf 74' lang='lat' dir='ltr'>E</span> <span class='ocrx_word' id='word_1_439' title='bbox 1491 4695 1493 4699; x_wconf 76' lang='grc'>’</span> <span class='ocrx_word' id='word_1_440' title='bbox 1669 4704 1737 4763; x_wconf 77' lang='lat' dir='ltr'><em>nos</em></span> 
     </span>
    </p>
   </div>
   <div class='ocr_carea' id='block_1_4' title="bbox 0 0 1957 5182">
    <p class='ocr_par' dir='ltr' id='par_1_10' title="bbox 0 0 1957 5182">
     <span class='ocr_line' id='line_1_41' title="bbox 0 0 1957 5182; baseline 0 0"><span class='ocrx_word' id='word_1_441' title='bbox 0 0 1957 5182; x_wconf 95' lang='lat' dir='ltr'><em> </em></span> 
     </span>
    </p>
   </div>
  </div>
 </body>
</html>
