3892 5182
694 296 1049 419 ἑὲ
1387 275 1390 279 .
1568 304 1699 438 '1111

274 501 370 599 Aug.
398 502 460 601 qui
484 526 577 601 opus
603 514 800 603 utrumque
824 505 1001 583 adcurate
1023 504 1192 582 contulit.
1244 502 1318 601 lpse
1341 528 1411 602 ego
1431 504 1559 583 literas
1582 501 1693 600 hujus
1746 498 1749 507 '
1832 498 1835 503 ’

272 630 447 704 traslatus
472 652 556 705 cum
583 629 722 717 literis,
752 629 884 727 quibus
904 630 1016 705 Mich.
1041 627 1226 705 Wenssler
1247 626 1286 702 S.
1303 623 1547 722 Augustinum
1569 626 1615 700 de
1640 625 1692 699 ci·

272 755 388 857 vitate
413 756 481 831 Dei
505 779 601 831 anno
640 777 731 853 1479
764 755 956 853 imprellrt,
986 755 1163 830 adcurate
1200 751 1360 838 contub,
1399 751 1695 848 deprehendique

271 877 472 953 maximam
497 878 594 954 inter
622 880 689 954 has
710 879 837 956 literas
860 878 1136 987 similitudinem
1157 872 1396 950 intercedere.
1457 871 1566 946 Licet
1592 870 1692 944 enlm

271 1006 390 1082 literae
413 1007 621 1104 posterioris
643 1011 765 1107 operis
787 1011 968 1088 nonnihil
992 1010 1203 1108 pinguiores
1222 994 1437 1083 videantur:
1465 1000 1547 1075 sunt
1569 1014 1694 1074 tamen

124 1216 132 1227 ,
268 1127 328 1206 bae
351 1131 399 1206 ad
423 1131 591 1233 illarum,
618 1146 684 1211 aut
707 1134 782 1212 illae
802 1136 852 1212 ad
870 1134 1003 1212 harum
1029 1134 1278 1211 Imitationem
1300 1131 1481 1206 formatae.

78 1340 254 1447 Pagr57.
272 1342 404 1422 LXIV.
424 1330 690 1421 Hoc'Lexicon
706 1344 840 1423 iisdem
862 1343 931 1422 elle
951 1344 1071 1424 literis
1093 1341 1323 1442 impressum,
1354 1340 1486 1437 quibus
1502 1335 1693 1432 Raymun·
1801 1353 1820 1361 “

120 1454 124 1459 ’
270 1468 309 1545 di
330 1472 376 1546 de
396 1467 568 1546 Sabunde
591 1470 794 1566 Theologia
811 1460 995 1556 ¹naturalis
1017 1492 1084 1568 per
1101 1466 1329 1545 Richardum
1351 1459 1522 1567 Paffroed
1545 1461 1693 1535 Daven·

97 1630 100 1635 ·
123 1652 126 1659 .
271 1595 354 1670 triae
377 1589 449 1666 sme
472 1608 562 1668 nota
582 1595 668 1668 anni
691 1591 860 1690 impressa
885 1591 1042 1691 prodiit,
1084 1590 1182 1667 idem
1220 1591 1261 1667 P.
1294 1588 1466 1664 Placidus
1496 1587 1624 1661 Braun
1645 1609 1693 1660 ex

146 1774 149 1781 .
244 1699 249 1707 ¹
271 1729 443 1792 accurata
464 1717 656 1812 utriusque
677 1715 876 1792 collatione
897 1739 958 1792 me
980 1713 1118 1791 docuit.
1185 1712 1345 1795 Addidit
1378 1722 1527 1796 tamen,
1566 1708 1693 1799 literas

274 1838 471 1935 theologiae
496 1838 676 1915 naturalis
700 1838 769 1918 elie
793 1838 904 1939 paulo
927 1826 1104 1916 minores.

88 2056 254 2158 lagida.
273 2049 436 2127 LXVIII.
467 2050 576 2129 Hanc
598 2050 768 2129 Suetonii
792 2053 994 2130 editionem
1017 2050 1073 2129 Cl.
1102 2044 1313 2128 Audiffredi
1341 2072 1424 2151 pag.
1459 2040 1540 2146 393.
1607 2049 1691 2150 Joh.

273 2174 503 2269 Gensbergio
527 2176 676 2260 tribuit,
701 2177 963 2274 adfirmatqum
985 2177 1117 2252 eodem
1144 2175 1213 2253 elie
1240 2175 1447 2251 charadtere
1470 2172 1695 2271 impressam,

274 2317 345 2392 quo
371 2295 442 2368 tria
466 2292 539 2368 alia
562 2317 673 2390 opera
698 2297 744 2370 ab
769 2298 900 2372 eodem
923 2297 1156 2396 typographo
1179 2319 1277 2375 anno
1303 2292 1696 2397 9749999819-

167 2452 170 2457 ·
273 2444 351 2495 corr
372 2417 539 2518 ejusdem
562 2419 715 2499 Tuscani
743 2421 915 2523 impressa
935 2420 1029 2499 sunt.

98 2634 168 2735 sag.
181 2607 260 2728 rbs.
275 2632 337 2709 lin.
356 2658 387 2711 2.
415 2654 481 2730 pro
504 2631 676 2719 Dosirina
703 2635 785 2733 lege
808 2634 1030 2736 Differentior.

97 2848 170 2948 Pag.
181 2874 258 2950 ¹72·
281 2847 446 2924 LXXXI.
464 2847 502 2926 dc
517 2848 703 2927 LXXXII.
732 2852 816 2927 Duo
831 2851 913 2928 haec
931 2872 1044 2947 opera
1065 2851 1200 2930 iisdem
1217 2852 1289 2933 etse
1303 2853 1423 2930 literis
1438 2851 1605 2949 Imprella
1619 2850 1695 2950 jam

272 2981 528 3055 animadverti.
579 2980 695 3055 Porro
715 2982 842 3055 literas
868 2979 975 3075 plane
1001 2980 1151 3054 easdem
1173 2981 1252 3079 Joh
1279 2981 1493 3057 Mentellius
1514 2981 1693 3062 adhibuit,

114 3190 118 3199 ,
270 3109 357 3184 dum
383 3108 428 3183 ab
448 3130 546 3181 anno
566 3111 797 3205 1473·1476
819 3104 978 3202 Specula
1001 3105 1189 3183 Vincentii
1211 3108 1480 3185 Bellovacensrs
1505 3108 1693 3208 imprime·

129 3338 138 3351 ι
269 3249 336 3314 ret.
387 3236 481 3313 Haec
500 3253 549 3312 ex
571 3234 690 3313 literis
717 3235 851 3348 iterato
871 3235 948 3335 jam
968 3235 1109 3313 laudati
1132 3237 1173 3313 P.
1190 3236 1332 3314 Placidi
1354 3239 1493 3315 Braun

96 3432 260 3553 Plga74
279 3446 482 3525 LXXXIV.
510 3445 682 3524 Meminit
701 3448 812 3548 hujus
832 3452 955 3548 operis
981 3446 1121 3527 Auslor
1142 3447 1189 3524 du
1214 3446 1401 3548 catalogue
1420 3443 1477 3522 der
1497 3443 1623 3526 Liores
1644 3446 1691 3522 dn
1745 3526 1749 3531 ,

270 3573 331 3669 sea
345 3561 413 3645 M.
431 3569 462 3643 se
482 3567 563 3644 Duc
582 3567 831 3653 delaVasliere
854 3574 899 3648 N.
921 3599 1003 3671 399.
1028 3575 1292 3670 adfirmatque.
1316 3571 1415 3648 circa
1432 3592 1571 3648 annum
1598 3594 1690 3667 ¹470
1719 3562 1722 3567 ’

275 3694 376 3787 soille
402 3691 573 3769 excusum
593 3693 726 3774 Romae
750 3697 789 3771 in
813 3697 1034 3775 Monalierio
1057 3698 1095 3774 S.
1112 3697 1268 3773 Eusebii.
1316 3696 1480 3771 Litteras
1503 3693 1602 3769 eninr
1625 3691 1693 3768 elle

103 3920 107 3929 1
280 3817 429 3892 easdem
457 3816 627 3913 testatur,
662 3819 794 3915 quibus
814 3820 852 3895 in
875 3823 1005 3898 eodem
1029 3819 1248 3921 monasterio
1274 3844 1370 3896 anno
1404 3817 1694 3918 1470H0mihae

143 4020 165 4051 .-
278 3938 318 4015 S.
338 3939 416 4039 Joh.
438 3938 703 4035 chrysostomi,
733 3966 798 4040 per
816 3930 1047 4023 Franciicum
1068 3941 1286 4022 Arretinum
1305 3971 1325 4021 e
1345 3964 1469 4040 graeco
1483 3941 1693 4034 iar-latinam

113 4062 134 4077 ’“
168 4164 173 4171 Ι
279 4062 469 4139 translatae
495 4060 672 4157 imprelsae
689 4062 778 4139 lunt.
851 4067 993 4143 Harum
1025 4066 1098 4163 ipse
1128 4068 1300 4144 notitiam
1323 4066 1427 4143 dedit
1448 4064 1596 4140 ibidn.
1609 4065 1690 4159 398.

280 4188 455 4287 Recenset
474 4189 629 4264 eandem
653 4189 855 4265 editionem
880 4189 920 4263 P.
939 4186 1147 4268 Audiffredi
1169 4215 1250 4290 pag.
1266 4194 1353 4287 360..
1372 4214 1440 4268 nec
1471 4188 1522 4267 est
1550 4186 1694 4264 alienus

283 4311 501 4389 asententIa
530 4312 687 4388 authoris
715 4313 874 4408 catalogi
905 4314 995 4388 La·
1017 4315 1238 4405 Valleriani‚
1267 4317 1356 4393 dum
1382 4314 1545 4411 Georgia
1573 4315 1695 4392 Lauet

202 4454 206 4459 ·
277 4437 373 4510 hanc
394 4435 546 4510 istorum
574 4435 779 4512 sermonum
803 4437 1006 4513 editionem
1031 4440 1171 4516 tribuit.
1237 4439 1336 4517 Nam
1362 4439 1546 4536 Georgius
1573 4438 1697 4518 Lauer

75 4592 79 4605 ·
280 4555 320 4632 in
340 4557 560 4637 Monasterio
582 4557 621 4637 S.
638 4560 1106 4661 Eusebiirtypographicam
1127 4578 1250 4645 artem
1271 4565 1450 4643 exercuit.

1559 4779 1648 4885 Pag.
1797 4908 1801 4911 .
