3892 5182
46 364 49 369 -
147 290 272 403 ω’
793 270 1117 395 ss

147 506 217 573 aut
229 487 510 569 ostendebant
551 479 636 558 'Sed
651 478 744 557 nihii
764 479 922 578 amplius
944 481 992 558 de
1015 479 1090 580 ipso
1115 466 1247 579 opere.
1275 478 1335 558 sed
1354 478 1403 558 de
1420 477 1589 579 praesenti
1600 476 1678 578 jam
1696 474 1779 556 edi²

147 589 517 679 dione-disseramus,
543 602 654 676 quam
680 580 865 655 anemine
891 578 1065 655 hastenus
1090 582 1293 657 excitatam
1313 581 1477 655 memini.
1527 577 1769 655 characteres

148 689 266 766 iidem
288 684 372 763 suut
390 704 477 759 cum
497 675 766 763 charatteribus
792 679 930 773 quibus
959 677 1166 773 impressum
1191 677 1241 754 est
1270 701 1363 776 opus
1390 677 1604 751 immediate
1627 684 1773 772 praece·¹

138 789 256 863 dens.
308 785 431 870 Quare
451 800 523 874 ego
547 776 697 871 quidem
717 774 843 850 nuilus
865 775 1012 861 dubito,
1038 775 1128 871 quin
1149 799 1197 850 ex
1219 775 1466 874 typographia
1486 775 1616 848 eadem
1636 770 1676 848 dr
1696 771 1774 846 cir·

150 882 247 973 citer
273 879 408 965 eodem
432 889 599 969 tempore
624 872 831 968 prodierit.
865 871 1172 968 interpunttionis
1188 871 1328 970 signum
1345 872 1485 947 nussum
1501 870 1680 955 occurrit,
1706 865 1791 949 nisi,

151 975 339 1077 punitum.
413 972 551 1051 Desunt
574 971 696 1045 ubivis
730 970 867 1045 litterae
894 970 1078 1057 initiales,
1106 969 1292 1057 custodes,
1318 969 1533 1066 signaturae,
1558 968 1779 1065 paginarum

151 1071 364 1163 numeri&
388 1068 654 1166 inscriptiones.
704 1068 845 1143 Charta
874 1066 1400 1163 magnaest‚&sirmiss1ma.
1471 1065 1656 1145 chartarii
1677 1062 1781 1160 signa

18 1235 71 1263 ,,
154 1171 238 1251 sunt
260 1169 393 1255 paria·
437 1166 613 1245 Omnium
631 1162 934 1261 frequentissime,
960 1164 1078 1240 musto
1102 1165 1332 1262 frequentius
1360 1185 1472 1262 quam
1497 1176 1621 1240 cetera
1645 1161 1773 1237 omnia

152 1267 260 1345 srmid
282 1262 442 1363 sumpta,
456 1260 639 1341 ‘·occu'rrit
662 1264 806 1339 Littera
828 1263 882 1350 D,
921 1285 1033 1360 quam
1055 1261 1155 1337 stilus
1178 1262 1274 1339 secat
1297 1287 1344 1338 ex
1367 1282 1444 1337 una
1465 1275 1570 1358 parte
1595 1261 1636 1335 in
1658 1272 1779 1335 annu·

151 1366 254 1451 lum,
291 1388 343 1441 ex
357 1362 483 1439 altera
508 1361 546 1437 in
569 1383 719 1436 crucem
742 1356 919 1435 desinens.
998 1358 1144 1457 Saepius
1170 1363 1331 1436 occurrit
1354 1359 1467 1447 Rosa,
1495 1359 1565 1434 seu
1588 1357 1614 1432 s1
1637 1357 1795 1445 mavis..

21 1544 27 1549 .
153 1463 225 1539 sios
247 1460 345 1537 alius
367 1459 440 1536 sure
459 1458 649 1535 stisoosto·
663 1456 877 1555 plerumque
898 1458 1084 1533 soliorum.
1136 1458 1221 1534 Non
1244 1458 1308 1534 nisi
1325 1474 1401 1545 ter.
1426 1469 1623 1554 quaterve,
1650 1464 1781 1540 uvam,

151 1583 225 1636 nec
252 1556 322 1643 nisi,
340 1556 470 1641 semes,
498 1555 672 1653 strigilem
691 1552 892 1630 observari.
942 1556 1095 1651 Paginae
1116 1553 1166 1630 fin
1220 1557 1265 1634 1ae
1287 1557 1324 1631 in
1348 1556 1441 1630 duas
1467 1554 1657 1631 columnas
1685 1551 1785 1655 divi?

154 1657 203 1733 soe
228 1654 322 1735 suut.-
371 1654 554 1731 Columna
573 1653 717 1751 quaevis
740 1653 885 1747 integra
905 1652 1022 1728 lineas
1046 1655 1162 1750 impre
1189 1677 1230 1728 as
1245 1681 1304 1757 47.
1326 1652 1589 1750 compsesiitur.
1639 1649 1787 1725 sotum

153 1776 247 1843 vero
274 1752 452 1830 volumen
473 1750 573 1827 foliis
591 1748 767 1847 impressis
787 1773 870 1844 151.
884 1752 1034 1826 constat.
1086 1752 1129 1827 ln
1152 1752 1400 1851 prima‚primi
1422 1744 1785 1859 sosii'cosumnadrr'·

154 1850 240 1947 cipit
265 1850 378 1949 jusano
394 1851 429 1924 in
444 1849 669 1925 mammasti.
709 1848 814 1923 Haec
831 1870 920 1922 vero
930 1848 1111 1925 Praefatio
1129 1875 1205 1925 non
1219 1849 1293 1926 esti
1320 1848 1390 1924 sius
1408 1847 1588 1933 austeris,
1613 1845 1672 1920 sed
1688 1856 1785 1933 eust.

156 1949 223 2043 qui
247 1950 465 2046 praesentem
487 1948 633 2023 curavit
654 1945 876 2030 editionem,
890 1949 1091 2042 anonymi.
1142 1948 1183 2021 ln
1206 1970 1277 2023 ave
1309 1970 1332 2021 a
1355 1948 1489 2044 pagina
1510 1944 1591 2039 folii
1612 1868 1789 2040 ejusden

33 2044 40 2053 ’
156 2046 296 2141 legitur
318 2044 510 2138 registrum
532 2045 772 2120 materiarum
808 2066 853 2117 eo
884 2044 1023 2118 ordine
1050 2045 1328 2130 concinnatum,
1363 2068 1436 2139 quo
1461 2041 1546 2140 ipsae
1570 2050 1787 2119 occurrunt.-

158 2141 606 2255 'serminatnrregisimm
619 2141 667 2253 ,in
690 2141 810 2237 prima
832 2138 1016 2235 sequentis
1037 2141 1118 2216 folii
1140 2140 1330 2255 columna,
1362 2142 1462 2254 iinea
1480 2166 1535 2238 24.
1592 2139 1701 2251 Quod
1727 2135 1788 2215 su·

157 2236 1791 2449 ornatamrst.¹³¹.:eas0z.1sst.e0anm

159 2434 347 2518 ordinem,
373 2435 438 2528 qui
458 2454 498 2507 m
519 2433 590 2509 hoc
617 2432 740 2508 indice
755 2428 984 2526 designatur.
1064 2433 1160 2509 Nam
1182 2430 1379 2509 secundum
1399 2434 1497 2508 hunc
1522 2435 1683 2507 indicem
1704 2430 1788 2545 post

160 2530 427 2619 vocabulorum
450 2531 490 2602 in
510 2529 705 2614 Psalterio,
730 2531 887 2624 quodid
906 2530 977 2604 hac
998 2531 1163 2607 editione
1182 2531 1357 2605 ultimum
1378 2533 1474 2607 inter
1488 2530 1602 2607 libros
1615 2528 1786 2609 Bibsrcou

4 2632 15 2659 ‘
158 2627 354 2722 utriusque
371 2624 578 2701 testamenti
600 2625 723 2699 locum
742 2646 834 2698 occu
859 2639 917 2710 at,
943 2627 1006 2700 hie
1026 2626 1112 2704 esset
1135 2629 1226 2702 ordo
1244 2630 1493 2703 materiarum.
1557 2624 1613 2703 De
1633 2624 1788 2725 regendo

153 2721 309 2824 sond'o4.
328 2719 371 2794 dr
382 2719 592 2820 sermonibur
611 2718 654 2798 8
671 2647 866 2837 marchisii
886 2730 1011 2821 rapere,
1041 2723 1082 2800 de
1103 2722 1315 2826 responsoriis
1328 2726 1369 2803 ss
1382 2723 1580 2823 antiphonis.
1606 2720 1782 2822 deymnrs.

158 2817 206 2897 rie
232 2815 392 2920 mmfibur
413 2813 563 2917 hebrro4
587 2816 629 2894 ss
648 2817 728 2892 osrrs
797 2815 949 2895 rbusdam
975 2820 1154 2900 natalibus.
1183 2821 1288 2925 (fic)
1323 2822 1365 2898 de
1386 2818 1632 2923 orthographia.
1655 2817 1698 2894 de
1721 2846 1783 2895 uc·

158 2913 318 2995 emtibur.
343 2914 530 2991 declarecio
552 2914 741 3030 regusefim
778 2916 989 3018 'Fronscisci
1006 2920 1109 3023 (fic)
1133 2919 1291 2998 atvero
1308 2924 1561 3038 typographus
1583 2919 1785 3093 expositio·

1 3086 6 3094 ..
161 3017 204 3093 ni
226 3038 364 3092 vocum
385 3015 425 3089 in
455 3013 628 3090 Psasterro
650 3019 921 3092 occurrentium
951 3020 1165 3096 immediate
1194 3019 1387 3097 subnexuit
1410 3042 1543 3096 vocum
1558 3026 1633 3116 ‘exp
1649 3018 1782 3093 icatio·

161 3136 251 3190 nem
277 3114 318 3187 in
344 3112 528 3207 Hymnis,
555 3112 751 3189 &ceteris
774 3112 1018 3209 sequentibus.
1083 3120 1333 3194 Declarationi
1362 3143 1493 3193 vocum
1515 3119 1553 3192 in
1575 3114 1720 3213 Regula
1741 3112 1792 3191 8.·

161 3208 343 3288 Francisci
375 3211 529 3286 demum.
561 3208 721 3307 subnexa
753 3209 804 3284 est
829 3233 963 3289 vocum
991 3217 1190 3314 explicatio
1213 3218 1257 3293 in
1279 3217 1445 3311 legendis
1481 3210 1788 3297 Samiorum&

162 3308 328 3383 homiliis
351 3307 516 3394 Petrum.
534 3316 544 3341 ““
566 3306 623 3383 De
648 3305 895 3403 Responsoriis
915 3312 955 3388 dr
972 3309 1198 3412 ‘Antiphonis
1223 3314 1313 3387 nihil
1337 3315 1375 3386 in
1394 3312 1462 3387 hac
1479 3313 1630 3407 quidem
1651 3310 1794 3387 editio-'²

160 3430 212 3481 ue
238 3407 410 3480 occurrit.
463 3406 503 3479 sn
527 3407 647 3502 prima
668 3405 841 3480 colrunna
860 3409 963 3484 tertii
986 3410 1066 3486 sosii
1087 3410 1246 3488 austeris
1269 3411 1404 3507 legitur
1424 3409 1613 3508 praesatio,
1639 3402 1781 3504 quaesi·-

164 3526 215 3576 ne
231 3502 308 3579 ullo
326 3499 438 3579 titulo
462 3503 592 3600 incipit
617 3505 755 3601 mpatiis
772 3508 881 3619 sparse
903 3506 1065 3604 imperitir
1086 3535 1126 3583 ac
1147 3509 1293 3584 meditati
1313 3511 1481 3607 coporims
1501 3531 1683 3607 pauperum
1712 3502 1781 3579 cse-

165 3599 262 3696 rico4
281 3596 350 3674 &a
437 3599 592 3675 Videtur
614 3601 696 3676 haec
725 3603 841 3679 editio
865 3606 1032 3683 omnium
1054 3608 1171 3703 prima
1194 3607 1282 3694 esse,
1319 3609 1379 3683 vel
1402 3607 1526 3682 saltem
1549 3602 1783 3701 Mogontinae

164 3697 254 3772 anni
280 3721 391 3795 1470,
428 3695 533 3792 cujus
552 3700 725 3772 meminit
750 3701 809 3775 Du
832 3698 961 3795 Cang'e
985 3702 1054 3777 loc.
1076 3705 1160 3790 cit,
1186 3727 1325 3781 coaeva.
1377 3704 1476 3781 Sane
1497 3705 1561 3801 qui
1579 3696 1797 3779 editionedi'

161 3795 263 3877 ,hanc
288 3792 446 3867 nostram
468 3796 612 3869 curavit
638 3818 866 3893 anonymus,
908 3798 945 3871 in
968 3802 1185 3893 praefatione
1213 3805 1332 3877 ossum
1354 3801 1506 3899 praefixa
1524 3802 1580 3877 ita
1603 3798 1786 3896 loquitur,

168 3906 214 3969 ut
234 3891 318 4001 libri
339 3890 441 3969 istius
460 3887 536 3988 jam
561 3906 648 3967 ante
666 3896 768 3990 typis
795 3892 916 3971 excusi
941 3896 1076 3972 nullam
1109 3900 1267 3977 habuisse
1291 3902 1461 3977 notitiam
1485 3901 1663 3977 videatur.
1726 3892 1799 3970 En.

168 3987 244 4085 ipsa
257 4009 340 4099 ejus
362 3988 494 4066 verba:
526 3987 591 4064 Cui
603 3989 692 4064 moso
708 3989 729 4090 (
735 3994 906 4068 codicum
918 4018 1051 4092 nempe
1065 3998 1317 4097 discrepantiae
1338 4000 1523 4076 variorum
1543 3998 1598 4084 ἃ,
1625 4014 1708 4093 quae
1729 3993 1790 4069 iri·

147 4087 218 4163 -de
237 4083 415 4173 nascitur,
455 4088 673 4185 opinionum
698 4089 925 4192 diversitati)
957 4103 1095 4190 quotum
1127 4093 1176 4170 od
1199 4097 1344 4198 profers
1371 4096 1558 4199 opusculum
1578 4096 1635 4197 esst
1656 4116 1723 4170 noa
1743 4091 1784 4165 ira

169 4192 240 4260 toto
250 4181 374 4283 fitssam
391 4185 430 4262 ia
449 4196 545 4259 torto
560 4186 666 4285 orsum
692 4190 733 4288 ass
753 4186 844 4288 ppffe
867 4191 1044 4268 remedium
1074 4187 1264 4371 mwmi’
1289 4198 1323 4299 fi
1339 4222 1403 4295 prr
1430 4196 1640 4296 irupreffiom‘s
1662 4186 1786 4287 benefi-

170 4285 258 4358 cium
280 4279 600 4454 rmriaprodcimodo
623 4310 706 4382 opus
724 4284 899 4363 curaretur
923 4314 969 4363 ex
989 4295 1091 4367 ueteri
1153 4320 1181 4367 c.
1252 4297 1360 4382 Quod
1373 4294 1398 4370 sr
1412 4294 1487 4392 J'am
1500 4307 1587 4368 ante
1602 4293 1703 4389 typis
1718 4312 1786 4365 ex·

171 4381 297 4455 cusum
317 4380 371 4457 sui
399 4392 439 4457 et
459 4378 553 4459 istud
575 4404 688 4477 opus,
713 4382 793 4482 ejus
814 4386 870 4461 rei
891 4388 1119 4464 mentionem
1141 4391 1263 4467 editor
1281 4392 1429 4468 fecisset
1457 4450 1468 4459 ..
1503 4390 1581 4466 Nec
1608 4382 1794 4487 ignorasse

170 4480 287 4589 etiam
306 4475 509 4559 censendus
527 4478 579 4554 est
594 4480 815 4570 editionem,
841 4480 961 4581 siqua
983 4486 1139 4562 exstitit.
1167 4490 1411 4578 anteriorem,
1435 4484 1439 4491 ’
1464 4488 1637 4566 raesertim
1662 4487 1685 4562 sr
1707 4486 1791 4601 psu-

168 4580 276 4687 rdeus
298 4588 387 4651 ante
401 4579 513 4655 annis
532 4598 579 4656 er
599 4578 787 4679 prodiisset
801 4582 841 4656 in
858 4580 991 4658 lucem
1041 4586 1161 4672 Quam
1176 4584 1275 4665 infra
1290 4585 1352 4688 (n.
1370 4510 1462 4690 opi
1483 4586 1674 4756 recensebg
1688 4604 1790 4683 ejus·

778 4712 781 4717 ¹
1675 4707 1735 4760 eur
