3892 5182
461 514 513 595 Et
536 516 710 596 volnerum
736 520 833 621 uersu
853 518 996 621 pionias
1025 516 1312 622 comprehenditur
1336 546 1424 601 nna:

459 614 540 790 &aa
567 623 674 720 nostro
696 626 796 729 burg}
816 619 966 719 pascitur
987 619 1080 697 aiano
1094 620 1189 721 sorio,

498 741 596 814 rncqg
620 717 836 817 redemptoris
853 721 954 821 nostri
975 746 1040 796 non
1066 723 1218 796 carmina
1247 719 1380 820 desunt:

379 878 383 883 .
457 812 537 986 ἓν(
561 814 701 916 postium
726 845 743 891 r
767 819 893 892 monnio
919 817 1016 894 dolce
1041 820 1189 897 canendo
1216 833 1348 911 uocant.

509 912 626 1012 offerat
645 912 733 991 dunc
751 918 865 1015 primo
886 915 1006 992 mundi
1034 931 1136 1017 capot
1167 920 1294 1017 inclyto
1319 917 1442 997 Romo.

142 1070 146 1077 .
251 1058 255 1069 ·
456 1008 532 1126 Posi
554 1015 673 1112 regino
692 1018 813 1113 penit
839 1015 958 1114 quippe
982 1010 1120 1092 colenda
1142 1021 1258 1094 maris.
1576 1090 1579 1097 .
1924 1096 1932 1121 ,

176 1092 329 1177 Potnaec
357 1098 551 1200 separaturi
571 1113 742 1209 quidem,
775 1113 835 1191 sed
864 1115 1035 1205 iisdemt
1064 1119 1120 1214 pis
1145 1115 1319 1193 excusum
1348 1110 1545 1190 exhibetur
1566 1104 1784 1211 Neopiptio·

174 1218 241 1309 non
266 1193 440 1278 Ladon&
460 1206 648 1299 dimioni,
676 1212 776 1289 soliis
801 1211 975 1310 impressis
999 1239 1021 1288 o
1057 1241 1079 1289 o
1103 1211 1415 1312 comprehensum.
1480 1205 1639 1285 Accedit
1664 1207 1704 1282 in
1725 1207 1783 1282 so·

170 1292 402 1409 ¹¹⁰·separut0
429 1304 482 1383 Re
506 1309 619 1410 istrum
647 1322 819 1387 canorum
837 1307 935 1387 iuius
953 1306 1034 1387 libri
1057 1314 1076 1403 (
1085 1336 1239 1411 operum
1259 1308 1466 1405 tonantii)
1481 1303 1632 1405 secundi
1662 1301 1782 1402 aspiro·

169 1388 228 1485 teto
246 1392 409 1476 ordinem.
461 1336 776 1507 uieophythomon
794 1410 880 1486 huic
889 1411 1058 1509 primum
1072 1411 1228 1488 editioni
1248 1410 1397 1485 videtur
1418 1402 1631 1517 accessisse·
1654 1401 1782 1479 Editio
1872 1414 1878 1429 “

168 1506 263 1607 certe
287 1514 431 1610 'veneta
460 1506 592 1582 eodem
621 1530 719 1583 anno
747 1525 838 1610 1478
864 1532 928 1607 per
950 1506 1138 1585 Andream
1163 1510 1209 1585 de
1224 1504 1438 1585 Paltafichis
1466 1504 1505 1582 dr
1525 1503 1715 1579 Romnum
1734 1501 1782 1579 dc

166 1586 320 1668 Eoornrs
344 1614 472 1678 curata
497 1604 537 1682 do
560 1605 619 1681 die
639 1606 771 1682 mensis
802 1608 929 1683 Martii
960 1606 1042 1683 xu.
1076 1606 1257 1685 adfinem
1280 1603 1469 1705 perduiia,
1496 1623 1607 1705 quam
1629 1599 1685 1677 cl.
1709 1599 1791 1687 Dee

167 1688 221 1763 nis
244 1694 281 1766 io
306 1692 512 1778 uomitu
535 1704 632 1779 triten
662 1715 715 1781 ber
744 1707 855 1805 gatru.
878 1704 982 1787 Qiibi.
1013 1730 1097 1805 pag.
1133 1732 1191 1807 71·
1218 1704 1312 1805 seqq.
1342 1702 1530 1789 describit,
1559 1696 1781 1781 nonhabet.
1904 1766 1909 1777 .

168 1784 338 1866 Ceteram
364 1794 444 1874 hoec
466 1825 515 1875 no
563 1825 586 1877 a
607 1803 722 1881 editio
747 1826 902 1879 romano
924 1804 1131 1882 charadere
1155 1803 1263 1919 plane
1285 1798 1546 1899 elegantiffimo
1568 1796 1618 1902 esi
1632 1794 1802 1893 impres.

170 1882 210 2001 su.
260 1888 374 1967 Caret
394 1894 530 1974 litteris
561 1900 782 1987 initialibus,
821 1900 1050 1991 custodibus,
1085 1925 1303 2001 paginarum
1326 1900 1491 1978 numeris
1517 1897 1556 1975 dr
1576 1894 1783 1991 inscriptio·

171 1984 281 2096 orbus.
346 1992 469 2072 Habet
491 2021 580 2075 vero
602 1997 815 2097 signaturas.
884 1999 1093 2079 Occurrunt
1111 2000 1244 2099 punita
1263 2000 1301 2079 dr
1327 1999 1400 2075 duo
1426 1996 1576 2095 punita,
1610 2016 1678 2069 nec
1704 2016 1795 2078 non-

144 2088 467 2199 '1uterrogationis
492 2094 643 2194 sgnum.
708 2099 871 2176 Exhibet
897 2099 977 2176 hacc
1006 2101 1120 2177 editio
1146 2101 1260 2177 etiarn
1284 2119 1424 2193 graeca,
1458 2096 1497 2173 do
1506 2092 1600 2209 scotis
1620 2101 1782 2167 nonnata

174 2180 297 2297 diutia
323 2212 345 2262 a
369 2188 523 2270 Nicolao
548 2196 704 2295 Lenglct
721 2196 899 2275 Dusresno
959 2199 997 2274 in
1025 2200 1189 2275 editione
1217 2195 1397 2277 Lutiantii
1416 2214 1583 2271 omnium
1607 2188 1783 2289 praestun·

176 2278 401 2365 bistonum
425 2306 528 2393 1748.
552 2294 616 2370 ubi
647 2295 693 2371 de
719 2297 835 2373 varis
863 2320 885 2379 e
912 2297 1089 2375 ‘tionibus
1112 2297 1205 2395 agit.
1606 2296 1611 2301 ’

179 2564 226 2661 V.
256 2570 469 2687 Johannis
509 2571 702 2671 Andtcae
744 2572 979 2681 Tradetur
1006 2579 1071 2668 de
1106 2574 1335 2669 arboribus
1370 2568 1779 2688 consanguinitatis,
1814 2554 1831 2691 J

282 2686 526 2799 affinitatis,
562 2718 646 2779 nec
663 2717 753 2781 non
768 2688 1000 2808 spiritualis
1027 2694 1320 2809 cognationis.
1380 2688 1679 2805 Norimbergae
1701 2714 1781 2813 per

277 2804 553 2895 fridericum
585 2803 1071 2929 Creusoner.1478.'io
1100 2808 1140 2900 F
1144 2810 1204 2903 01.
1224 2811 1334 2909 mio·

326 3010 539 3180 Editionem
561 3062 672 3181 hujus
695 3064 856 3164 opusculi
881 3064 1012 3183 adano,
1038 3090 1122 3167 quae
1139 3078 1227 3143 nota
1244 3068 1331 3183 anni
1354 3080 1473 3182 caret,
1499 3065 1558 3144 sed
1578 3067 1624 3142 ab
1647 3068 1802 3151 eodem-

153 3167 396 3345 murti
407 3163 1781 3361 ,trinitirruiturisirrisit,trininitatis

151 3364 192 3445 ci
226 3364 256 3439 't
278 3365 400 3441 verbis
426 3362 657 3461 praefationis
684 3361 766 3438 Irco
789 3362 955 3467 (Circa)
976 3363 1131 3441 leiinram
1156 3360 1288 3439 arboris
1309 3364 1381 3442 dic.
1432 3360 1626 3439 Alterutra
1651 3388 1698 3439 ex
1719 3364 1779 3440 his
1915 3364 1927 3383 ⁴

211 3462 390 3539 'tionibus
418 3462 472 3537 ita
500 3459 552 3538 est
576 3461 624 3537 ad
649 3462 817 3538 normam
843 3463 995 3543 alterius
1020 3464 1233 3549 efformata,
1266 3475 1308 3538 ut
1334 3487 1408 3559 non
1427 3462 1539 3537 modo
1560 3461 1693 3559 pagina
1716 3486 1780 3562 pa·

150 3564 286 3663 girran
310 3560 423 3655 sed&
443 3560 659 3659 plenumque
681 3560 780 3638 linea
800 3560 911 3640 lineae
933 3561 1225 3660 correspondeat.
1276 3560 1375 3638 Sunt
1400 3574 1546 3644 tamen,
1574 3561 1707 3658 quibus
1725 3562 1780 3637 al·

154 3676 247 3739 tera
271 3660 316 3735 ab
336 3660 453 3737 altera
469 3658 577 3736 facile
603 3659 884 3757 distinguuntur.
964 3661 1061 3738 Nam
1094 3657 1134 3761 1)
1155 3659 1311 3757 praesens
1344 3660 1425 3757 baec
1455 3660 1570 3734 editio
1594 3661 1635 3736 ia
1655 3661 1780 3736 aversa

154 3758 302 3861 pagina
325 3758 405 3835 solii
428 3758 565 3845 otiari,
582 3756 687 3855 cujus
709 3760 827 3854 prima
854 3759 988 3857 pagina
1010 3762 1178 3837 arborem
1206 3758 1397 3835 affinitatis
1424 3759 1526 3854 signo
1550 3756 1700 3833 incisam
1722 3783 1779 3835 re·

153 3856 380 3959 praesentat,
403 3857 553 3933 exhibet
575 3857 784 3955 impressum
810 3871 958 3936 textum
989 3859 1036 3935 de
1062 3860 1193 3935 arbore
1213 3859 1448 3955 cognationis
1476 3856 1691 3953 spiritualis:
1713 3880 1781 3935 ea·

157 3958 253 4043 dem
274 3978 362 4032 vero
407 3957 516 4070 agina
535 3955 573 4029 ia
593 3957 758 4033 editione
784 3956 847 4032 isla
872 3954 944 4035 fine
962 3980 1062 4033 anno
1078 3956 1128 4034 est
1151 3981 1288 4045 uacua,
1314 3956 1354 4033 dt
1377 3968 1505 4033 textus
1523 3953 1570 4029 de
1589 3954 1780 4051 cognatio.

155 4052 212 4133 ne
235 3978 414 4153 spirimuii
436 4054 566 4168 incipit
589 4054 629 4129 in
651 4055 770 4166 prirna
791 4053 927 4151 pagina
949 4054 1030 4131 solii
1051 4056 1152 4133 noni.
1202 4050 1245 4154 2)
1268 4050 1391 4131 Arbor
1419 4053 1653 4166 cognationis
1678 4052 1779 4168 spiri·

156 4152 279 4231 tuaiis
301 4154 340 4229 in
369 4153 532 4231 editione
553 4152 615 4228 illa
644 4176 796 4229 omnino
821 4150 937 4230 deest:
962 4153 1000 4228 in
1022 4152 1192 4250 praesenti
1214 4164 1339 4229 autern
1367 4150 1497 4227 eadem
1519 4150 1714 4253 exhibetur
1740 4176 1779 4229 m
1845 4209 1859 4223 .

160 4252 291 4329 aversa
312 4276 357 4350 pa
384 4252 446 4327 ina
468 4252 548 4326 solii
569 4251 725 4339 decimi,
752 4250 852 4349 quod
872 4251 923 4328 est
946 4251 1130 4329 ultimum.
1181 4253 1223 4329 In
1247 4252 1365 4350 primo
1384 4249 1464 4326 solii
1489 4247 1654 4347 ejusdem
1676 4250 1780 4347 pagi·

162 4374 214 4431 na
235 4352 334 4427 circa
354 4276 466 4426 inem
486 4349 623 4447 legitur
649 4349 858 4448 subscriptio
893 4348 1061 4449 sequeus:
1101 4348 1197 4428 sinit
1226 4346 1386 4425 andorra
1418 4348 1569 4519 magistri
1599 4342 1779 4452 Joionnis
1906 4398 1917 4415 .

165 4448 426 4623 ‘'musti‘'
452 4446 628 4524 arboribus
654 4448 963 4549 consanguinitatis.
991 4450 1166 4549 affinitatis
1187 4474 1245 4525 nee
1265 4474 1332 4524 non
1343 4446 1491 4549 spirituo
1507 4448 1536 4519 is
1556 4448 1776 4541 cognationis.

167 4546 274 4625 Anno
322 4550 425 4623 omini
457 4545 976 4725 ωἰὶἱιβνηο-ῃιιιάζριὲιηιίἵηιοΙ
993 4549 1208 4650 ερίιιαςιβνηο
1232 4546 1362 4633 adaco,
1393 4542 1571 4644 Imprrffns
1589 4538 1780 4625 inornan-

894 4646 998 4727 esuut
1018 4648 1079 4739 hic
1098 4644 1453 4753 quoquelousiodes,
1477 4630 1690 4741 signatores,
1716 4648 1779 4723 iit-

167 4673 209 4750 ge
224 4672 289 4751 per
308 4645 519 4799 Fridrricrn
546 4644 722 4759 conpar
747 4672 795 4730 tt·
1638 4757 1731 4823 m
