3892 5182
773 316 1107 444 ἐξ
1673 324 1765 452 ²23

152 547 186 611 ta
209 531 331 608 statim
352 530 551 628 excipiunt.
564 550 608 607 ca
633 525 725 614 itura
741 528 781 604 in
800 528 937 617 librum
952 527 1131 626 primum,
1156 527 1230 604 hoo
1252 523 1303 606 esi
1320 524 1513 608 summaria
1529 526 1757 628 lingularum

151 631 227 708 libri
248 630 358 728 primi
380 629 554 729 capitum.
607 549 817 718 bummaria
835 626 1023 725 ejusmodi,
1042 627 1102 705 seu
1124 627 1251 702 brevia
1271 624 1493 726 singulorum
1515 632 1678 726 capitum
1699 652 1759 707 π·
1816 719 1819 723 ,

153 743 323 826 gumenta
342 726 495 824 reliquis
512 726 625 805 etiam
641 726 744 801 libris
760 725 842 828 sunt
851 724 1020 823 praelixa.
1068 723 1131 800 Ad
1146 724 1286 801 calcem
1303 725 1388 802 libri
1408 725 1571 824 vigesimi
1592 724 1672 804 baec
1694 726 1760 803 ad·

153 840 342 904 notantur:
371 823 494 902 Omnes
513 822 593 899 libri
613 826 859 921 antiquitatum.
882 822 1037 924 quisunt
1057 823 1156 923 senus
1176 824 1309 923 uiginti.
1342 824 1455 923 uersus
1475 826 1639 899 continent
1652 825 1760 924 seun-

153 929 246 1026 giato
266 923 363 1000 milio
378 963 395 981 -
412 922 563 999 Continet
586 921 646 996 hoc
666 926 748 1021 opu's
762 918 891 1022 josephi
914 930 948 996 a'
957 922 1043 1027 praa
1066 921 1178 998 'bochis
1211 924 1387 1000 uotiuitute
1419 920 1643 1001 nuditionem.
1678 922 1759 1022 usq3
1822 1009 1825 1016 .

152 1023 197 1099 ad
222 1020 346 1100 duriam
372 1029 463 1100 annu
481 1025 612 1099 neronis
635 1023 766 1120 imperii
959 1085 961 1088 ,
1663 1034 1665 1039 ’

512 1132 637 1234 Versus
661 1134 697 1212 in
719 1128 859 1233 losepbci
881 1133 1094 1233 antiquitati.

508 1244 665 1346 Iosephus
692 1242 745 1320 hic
761 1240 892 1344 scribit.
923 1269 981 1347 eh3
1003 1234 1127 1346 nueqlh
1141 1246 1254 1349 scema
1270 1252 1406 1354 peribit

506 1363 677 1467 Processu
699 1389 819 1439 rernm.
841 1361 910 1460 sex
939 1364 1139 1440 incrementa
1163 1367 1300 1450 dierum.
1457 1452 1464 1463 ,

410 1506 413 1515 =
507 1461 587 1544 Aule
603 1474 783 1563 peccatum.
806 1459 929 1537 mundo
948 1488 1053 1562 genus
1078 1463 1264 1545 exiliatum.
1487 1539 1492 1549 ,

512 1561 697 1662 Indigenas
723 1586 808 1635 arce.
869 1563 937 1634 'iuri
962 1562 1114 1637 meritum
1130 1565 1326 1664 patriarche

514 1662 620 1738 Vates
642 1673 673 1735 et
695 1585 937 1829 regesssros
961 1684 1005 1733 en
1028 1658 1144 1737 ordine
1166 1664 1264 1765 leges.
1407 1736 1410 1743 .

513 1759 607 1934 gunt
620 1759 733 1858 scele4
754 1782 795 1832 uo
821 1758 860 1830 r's.
883 1782 1022 1856 regnum
1031 1758 1071 1858 se
1089 1764 1211 1859 junxit
1232 1761 1364 1840 herodis

553 1883 604 1932 ux
621 1859 869 1971 mmposlrmo
882 1855 1026 1973 srcpeset
1046 1869 1190 1958 tempore
1212 1888 1304 1939 nemo

164 1986 351 2089 interjetio
370 1982 511 2083 aliquot
529 1986 710 2062 linearum
734 1983 849 2082 spatio
877 1984 1037 2084 sequitur
1056 1982 1196 2087 Eusebii
1210 1990 1394 2094 cesariensts
1414 1984 1664 2071 Coheudatic'ia
1684 1979 1700 2070 i
1716 1995 1776 2088 joe

158 2089 253 2189 sephei
271 2091 309 2161 iu
326 2111 363 2159 eo
381 2082 466 2159 libro
485 2087 542 2184 qui
563 2080 603 2159 de
626 2083 834 2255 'ecclesiastica
856 2079 1006 2182 inscribit
1034 2082 1177 2187 historia.
1253 2088 1608 2168 commendatitiam
1633 2090 1772 2185 excipit

168 2187 320 2261 narratio
341 2184 388 2258 de
408 2183 544 2280 septem
566 2183 696 2258 mirabi
711 2183 794 2258 ibus
817 2181 963 2261 mundi:
998 2182 1163 2262 Tandem
1193 2186 1344 2287 sequens
1377 2191 1512 2290 legitur
1546 2188 1771 2284 subscriptio:

179 2282 307 2388 {josephi
325 2278 362 2355 hi
387 2279 581 2382 osiogruphi
601 2282 669 2356 uiri
689 2278 867 2382 clasiffimi.
894 2277 977 2355 libri
998 2283 1235 2378 antiquitatum
1258 2313 1392 2360 uunrero
1416 2289 1526 2384 uigili.
1546 2311 1608 2384 per
1631 2279 1774 2387 Johau·

186 2407 247 2453 unu
264 2379 346 2479 schss'
379 2405 425 2455 es.
464 2378 578 2455 mum
609 2375 846 2479 Augusteusem
866 2377 998 2475 finiunt
1017 2379 1166 2472 feliciter
1197 2408 1263 2456 uon
1290 2382 1495 2482 scriptorum
1532 2378 1662 2483 quidem
1691 2392 1774 2456 uste.

171 2477 232 2577 sed
243 2505 304 2578 qno
325 2482 437 2579 nossa
460 2475 592 2554 tandem
615 2488 685 2550 eras
705 2473 825 2550 dotato
846 2502 863 2548 e
888 2531 896 2549 .
921 2476 1024 2574 impre
1049 2479 1126 2555 orio
1139 2476 1203 2578 sc3
1229 2485 1374 2558 exarati.
1431 2480 1536 2557 Auno
1559 2481 1776 2556 onatiuitate

89 2578 94 2587 '
171 2591 313 2653 currente
333 2574 520 2663 dominica,
554 2573 735 2676 Millefimo
765 2597 808 2673 qu
856 2575 1005 2747 uniente
1018 2600 1083 2651 reno
1124 2580 1351 2680 eptnagefimo.
1401 2579 1552 2656 Kolirlos
1574 2603 1651 2656 nero
1676 2576 1779 2652 iulias

170 2691 293 2773 quarta
345 2674 449 2749 Folio
471 2674 652 2772 sequenti:
679 2669 827 2779 Josephi
852 2669 893 2746 cle
934 2671 998 2747 ello
1009 2670 1149 2772 judaico
1164 2677 1329 2776 prologus
1358 2679 1394 2752 ia
1424 2676 1528 2754 libros
1547 2678 1672 2777 septem
1694 2677 1777 2749 iuci-

168 2779 219 2872 pit
235 2774 391 2870 feliciter.
470 2771 595 2871 Atque
613 2772 673 2846 hic
701 2771 850 2869 quidem
871 2771 1047 2868 prologus
1069 2772 1201 2850 folium
1222 2790 1379 2873 occupat
1401 2777 1607 2872 integrum,
1632 2776 1777 2871 paucis,

171 2894 250 2969 quae
267 2871 358 2947 'addi
412 2869 545 2956 ostent,
571 2868 679 2943 lineis
704 2870 882 2965 exceptis.
936 2867 1149 2968 Sequuntur
1172 2873 1305 2949 deinde
1327 2872 1390 2972 iplr
1411 2876 1539 2950 ordine
1565 2873 1624 2947 suo
1644 2872 1780 2966 septem

168 2972 251 3046 libri
270 2971 318 3045 de
336 2893 433 3043 bebo
450 2965 617 3069 judaico,
646 2967 686 3041 in
710 2967 831 3064 capita
855 2962 974 3042 diuisi.
1018 2965 1212 3082 Attamen·
1228 2972 1332 3046 libris
1356 2969 1503 3068 lingulis
1530 2970 1682 3070 praefixa
1706 2991 1781 3080 non

167 3067 250 3144 lunt
273 3066 438 3167 cupitum
455 3065 681 3172 singulorum
698 3076 934 3162 argumenta,
961 3075 1005 3140 ut
1017 3065 1121 3141 hbns
1137 3069 1413 3166 antiquitatum.
1465 3064 1527 3148 Ad
1547 3068 1685 3147 calcem
1698 3065 1782 3140 hbn

165 3165 316 3265 septimi
331 3165 503 3264 legantur
1470 3183 1472 3185 ’

530 3258 657 3361 Verfirs
683 3257 719 3334 iu
742 3254 912 3359 josephum
936 3254 1172 3356 bellisudoici

588 3359 720 3433 ciuicam
741 3383 910 3458 guerram.
932 3369 1054 3456 genter.
1080 3355 1169 3434 urbi.
1176 3355 1307 3528 lsacro.
1328 3367 1462 3433 terram.

559 3461 611 3531 ine
641 3457 723 3530 rmus
742 3459 828 3557 tristi
846 3482 912 3556 pro
930 3456 1097 3554 sunguine
1112 3483 1175 3555 per
1201 3459 1248 3529 ita
1271 3458 1359 3556 cristi

530 3553 618 3660 oJose
640 3553 702 3628 hus
723 3555 777 3658 isle
799 3580 898 3629 meus.
933 3555 943 3579 ⁸
984 3551 1088 3628 edidit
1110 3566 1227 3628 auctor
1248 3552 1393 3629 hebreus.

178 3649 238 3727 lat
278 3645 375 3726 'etio
453 3652 589 3750 “exiguo
609 3581 640 3728 [p
646 3652 724 3731 atio
743 3652 913 3746 tandem·
948 3675 1003 3729 aec
1024 3651 1167 3748 legitur·
1181 3654 1335 3750 notitiut
1362 3649 1510 3759 ffosenhi
1532 3646 1664 3754 historio
1709 3641 1787 3743 ophi

177 3751 248 3823 uiri
326 3751 358 3824 ri
381 3751 440 3825 nai
453 3748 533 3827 libri
552 3746 593 3826 de
614 3677 699 3826 billa
716 3749 992 3921 judaicosque
1005 3749 1138 3849 finiunt
1153 3750 1313 3846 feliciter.
1330 3778 1393 3852 pes
1412 3747 1610 3857 Johonuem
1621 3749 1661 3850 sc
1684 3743 1788 3857 ussles

163 3851 284 3933 ,duem
307 3847 541 3950 Augusensem
573 3853 676 3948 impre
704 3873 715 3920 .·
742 3849 852 3924 Kalen
877 3870 916 3922 as
942 3845 1132 3947 septembris
1161 3847 1295 3927 decimo.
1345 3847 1451 3927 Auno
1480 3873 1557 3927 uero
1586 3860 1697 3942 alltu
1719 3866 1789 3919 urr-

186 3959 271 4054 giuis
284 3956 464 4056 salutifero
482 3959 585 4034 Mille
598 3984 662 4033 cmo
680 3944 779 4062 qilrin
804 3959 952 4058 entefimo
969 3956 1207 4058 septuagesruo
1616 3972 1620 3981 '

312 4074 315 4079 ’
644 4117 649 4125 ,
689 4118 709 4142 ,.
795 4080 856 4131 ous
884 4058 1006 4155 optimo
1036 4059 1185 4133 maximo

184 4152 338 4231 Litt'erae
356 4151 438 4245 sunt
457 4154 615 4249 gothicae
628 4150 759 4239 formae
773 4153 833 4229 sed
851 4153 1122 4252 perelegantes,
1149 4155 1277 4233 charta
1296 4175 1449 4248 magna,
1474 4153 1600 4239 firma,
1626 4149 1665 4226 ἀ
1686 4170 1792 4223 mun·

187 4255 243 4327 da.
296 4253 450 4328 Litterae
468 4253 627 4328 initiales
650 4265 728 4330 tam
746 4252 942 4328 librorum:
980 4256 1092 4349 quam
1117 4254 1281 4352 capitum
1311 4251 1458 4340 desunt,
1485 4246 1793 4347 quemadmodum
1892 4323 1904 4335 „

187 4353 300 4427 ctiam
320 4349 505 4436 custodem
532 4350 743 4447 signaturae,
768 4352 984 4448 paginarum
1006 4354 1161 4426 numeri.
1223 4348 1434 4426 Franciscus
1450 4348 1604 4426 Carolus
1628 4343 1794 4420 Asteria

189 4452 364 4544 litbeq'nln
384 4450 603 4541 nequiremus
623 4450 803 4548 &negabor
827 4458 880 4525 oet
899 4448 1018 4622 frictis·
1042 4458 1107 4526 unt
1133 4450 1299 4539 bllmisd).
1323 4448 1479 4538 §suffitur
1499 4488 1517 4503 ·
1541 4466 1605 4520 noa
1626 4443 1795 4553 bornum

191 4569 272 4645 pag.
297 4563 354 4643 83.
374 4543 484 4638 hujus
506 4546 680 4623 editionis
706 4547 878 4624 meminit
911 4548 958 4622 ris
989 4548 1132 4623 verbis:
1168 4544 1283 4639 Flauii
1308 4541 1454 4651 josephi
1481 4567 1579 4642 opera
1601 4563 1712 4617 omnm
1726 4534 1794 4632 sol.

199 4638 811 4754 1470.perffoh.§chusnlesciuem
835 4643 1092 4748 Augusteum.
1131 4640 1189 4723 sit
1210 4667 1297 4723 vero
1312 4655 1456 4724 certum
1475 4643 1545 4731 est,
1571 4662 1667 4721 anno
1685 4661 1799 4735 ·1470··

988 4786 992 4792 -
1417 4814 1424 4823 ,
1730 4759 1753 4814 a
