3922 5176
247 509 300 618 4)
328 497 782 623 Ejusdemexpofitio
806 503 914 594 Ave
936 504 1099 600 Maria.
1164 506 1215 616 5)
1243 501 1290 600 S.
1316 503 1546 619 Augustini
1580 515 1750 630 exposi-

225 620 560 823 ··tioFSpmbcli.
634 619 684 733 6)
723 618 937 732 Ejusdem
974 620 1189 736 erpofitio
1236 621 1449 712 orationis
1481 622 1747 721 Dominicae.
1860 720 1866 746 2

229 765 278 824 Π]
356 765 414 820 0.
1323 771 1327 777 ’

214 926 356 1006 Omnia
381 931 462 1009 haec
485 927 654 1028 opuscula
678 929 809 1007 eodem
831 928 1055 1012 charauere,
1082 926 1276 1024 eidemque
1297 930 1436 1008 chartae
1460 932 1627 1034 impressa
1650 938 1744 1021 sunt,

143 1026 249 1115 Quare
274 1030 342 1103 uix
379 1030 538 1105 dubitari
575 1030 732 1126 poterit,
760 1030 849 1125 quin
871 1053 919 1103 ex
947 1027 1077 1121 eadem
1102 1027 1365 1138 typographia,
1394 1056 1463 1106 nec
1492 1035 1555 1109 diu
1586 1034 1744 1115 alterum

93 1194 96 1199 .
143 1123 206 1223 poll
222 1124 383 1202 alterum
405 1127 618 1225 prodierint.
671 1126 786 1202 Porro
808 1127 889 1222 typi
915 1149 989 1200 non
1015 1123 1107 1198 nihil
1133 1144 1292 1221 majores
1315 1126 1354 1204 dc
1378 1128 1528 1226 oblongi
1549 1130 1650 1220 sunt,
1676 1137 1744 1210 ad·

142 1223 269 1299 nodum
296 1223 437 1299 similes
461 1226 582 1396 typis,
610 1224 742 1321 quibus
766 1223 933 1321 impressa
953 1223 1035 1297 sunt
1055 1223 1127 1297 tria
1154 1244 1266 1319 opera
1285 1227 1543 1322 praecedentia,
1624 1233 1744 1306 inter*

140 1318 360 1420 portionum
382 1321 480 1418 signa
523 1335 590 1397 unt
644 1322 811 1408 unsium,
851 1344 997 1396 comma
1021 1319 1125 1416 supra
1154 1319 1193 1396 &
1225 1320 1320 1396 infra
1343 1323 1478 1399 lineam
1507 1330 1742 1424 prominere,

138 1440 195 1530 eg.
218 1432 387 1495 amatur
409 1423 445 1494 in
467 1344 642 1517 moriemi)

133 1516 193 1601 dni
213 1516 371 1614 signum
395 1519 677 1616 frequentissime
700 1541 895 1593 occurrens
911 1516 1087 1612 estcaput
1101 1516 1207 1591 bovis
1230 1518 1430 1595 admodum
1451 1524 1645 1619 exiguum,
1677 1552 1748 1604 cue

132 1612 298 1715 suinter
321 1639 460 1692 cornua
480 1616 581 1692 stilus
603 1617 750 1713 exurgit
779 1618 818 1690 in
845 1614 983 1691 stellam
1010 1613 1187 1689 desinens.
1267 1616 1406 1712 Pagina
1429 1623 1572 1716 quaevis
1595 1625 1742 1721 integra
1794 1694 1799 1705 .

132 1713 269 1809 triginta
293 1713 413 1789 lineas
437 1715 700 1812 complesiitur.
750 1713 904 1789 Litterae
928 1713 1108 1798 initialeS,
1135 1713 1320 1801 custodes,
1347 1714 1559 1811 signaturae,
1577 1720 1739 1819 pagina.

135 1832 200 1887 nn
216 1813 370 1911 numeri
395 1812 532 1888 desunt.
607 1810 827 1910 Opusculum
862 1808 1138 1982 rgterminatur
1155 1811 1217 1885 fol.
1243 1838 1296 1907 13.
1321 1816 1455 1910 pagina
1476 1818 1613 1912 prima,
1640 1821 1739 1897 linea

138 1923 185 1996 28,
206 1907 249 1987 dt
270 1910 369 1985 banc
392 1911 504 1986 hahet
529 1910 839 2008 subscriptionem:
905 1911 1027 2004 xpsicit
1038 1904 1139 2006 simo
1157 1908 1247 1982 edita
1275 1909 1372 2007 usco,
1401 1906 1536 1989 lhomo.
1565 1916 1623 1991 Dc
1649 1921 1737 2014 odno

138 2004 179 2080 De
194 2006 351 2082 articulis
362 2006 452 2104 fidei
470 2009 510 2086 ss
538 2008 662 2109 eccseste
675 2008 883 2105 sircrrimitis.
936 2008 977 2082 ln
1002 2007 1128 2083 aversa
1150 2005 1317 2105 ejusdem
1338 2009 1418 2084 solii
1441 2012 1574 2108 pagina
1607 2014 1737 2113 Incipit

137 2101 281 2303 mdc
301 2107 464 2204 periculis
489 2105 516 2205 ᾇ
540 2108 671 2205 elingit
705 2106 765 2181 c'co
796 2104 946 2203 ferimini
971 2103 1159 2206 urchoristie
1184 2105 1225 2182 Εἴ
1241 2104 1282 2179 de
1298 2105 1456 2195 ⁴remediis
1477 2111 1595 2185 eorridi
1612 2141 1656 2188 ex
1677 2114 1733 2205 di,

214 2226 237 2276 a

236 2201 302 2279 nisi
321 2201 429 2278 thome
447 2202 488 2279 de
510 2230 532 2278 α
556 2230 643 2279 uino.
692 2205 795 2279 Folio
813 2230 876 2300 29,
904 2206 1037 2299 pagina
1056 2207 1195 2301 prima,
1221 2205 1317 2280 linea
1336 2230 1377 2302 25
1395 2207 1613 2283 terminatur
1628 2213 1732 2288 Henss

136 2296 190 2373 rici
207 2300 254 2376 de
272 2300 405 2376 Hasha
430 2229 606 2399 expositio
642 2301 820 2386 orationis
848 2302 1061 2388 dominicae,
1105 2305 1164 2376 cui
1188 2302 1270 2377 haec
1300 2305 1569 2401 atypographo
1591 2306 1732 2405 adjesi'a

137 2393 415 2501 estsubscriptio:
439 2400 597 2499 Explicit
614 2401 772 2511 exposttio
788 2396 984 2473 venerahilis
1006 2402 1156 2501 magistri
1173 2395 1313 2473 heinrici
1329 2399 1369 2473 de
1391 2399 1501 2501 duffio.
1528 2399 1638 2502 Super
1651 2431 1732 2482 ora·

135 2500 195 2569 sini
216 2493 388 2573 domicum.
438 2498 576 2574 Aversa
597 2498 707 2596 hujus
731 2497 808 2573 solii
833 2498 966 2593 pagina
987 2496 1037 2573 est
1059 2521 1186 2574 vacua.
1249 2496 1477 2574 Postremum
1498 2502 1730 2599 opusculum,

133 2598 204 2707 23⁶·
230 2596 451 2673 terminatur
472 2597 561 2674 folio
579 2622 645 2692 30,
684 2597 828 2693 paginae
853 2596 991 2673 aversae
1010 2593 1108 2673 linea
1134 2620 1198 2696 17,
1241 2594 1280 2673 dr
1305 2596 1401 2675 hanc
1421 2597 1533 2677 habet
1557 2599 1730 2702 subscrip·

130 2708 272 2769 nonem:

175 2824 183 2831 -·
498 2832 501 2837 ·
557 2789 714 2906 Explicit
734 2786 844 2889 sermo
868 2786 956 2866 beati
980 2789 1141 2897 Agusrioi
1163 2787 1268 2895 (sic)
1311 2790 1328 2879 J
1371 2874 1374 2879 ,

558 2888 600 2963 de
624 2903 772 2965 oratione
798 2886 973 2965 dominico.
1093 2931 1094 2935 ¹

121 3132 235 3227 Lxr.
262 3134 484 3256 incipiuni
515 3134 737 3255 serrmonrs
772 3136 989 3226 notabiles
1021 3135 1066 3225 si
1087 3133 1304 3244 formales
1347 3161 1377 3249 a
1412 3138 1578 3231 eximiii
1621 3140 1723 3236 dri‘m

232 3249 411 3345 dusiori
431 3249 557 3368 fircre
578 3252 793 3370 theologia
804 3249 1157 3382 pairiffucobri
1175 3250 1387 3367 carmini
1410 3256 1564 3343 domur
1593 3273 1721 3350 extro

223 3394 378 3459 muros
414 3364 617 3477 Ersordri
649 3367 819 3456 vicario
858 3366 908 3455 dr
937 3367 1111 3485 peinais
1139 3360 1452 3476 festivitatibus
1488 3370 1721 3464 celebribus

219 3509 303 3601 per
324 3485 427 3573 anni
452 3483 620 3608 cisonii
650 3490 741 3570 torn
774 3484 824 3570 dc
855 3488 991 3598 tempi
1014 3487 1069 3596 ἴῃ
1090 3478 1333 3596 defo-rassin
1360 3480 1617 3616 nnisorifiati
1636 3515 1721 3607 prr

216 3599 320 3688 daim
344 3599 511 3689 calinsa
538 3590 695 3689 sarrin.
730 3595 812 3686 orio
822 3592 908 3708 suo
922 3594 1070 3712 primo
1104 3594 1158 3686 ln
1173 3592 1560 3709 ossavouisttacors
1582 3609 1720 3696 morie

218 3713 414 3832 gloriose
430 3714 620 3834 virginis
646 3711 777 3802 Anno
804 3709 893 3800 diii.
933 3743 985 3801 ω.
1012 3737 1100 3801 cccc
1116 3705 1213 3800 LV.
1239 3771 1285 3787 -
1324 3715 1369 3802 in
1392 3712 1495 3809 bol.
1516 3717 1618 3805 miu.

117 3951 121 3959 ·
199 3932 296 4010 Haec
314 3934 537 4010 verbotenus
559 3931 733 4027 leguntur
752 3930 791 4004 in
806 3928 929 4004 fronte
976 3927 1082 4004 rimae
1102 3927 1264 4024 paginae,
1294 3927 1564 4024 &repetuntur
1586 3934 1623 4008 in
1642 3930 1717 4013 sine

110 4031 247 4127 operia,
287 4032 342 4107 ita'
361 4046 488 4108 tamen
507 4042 551 4106 ut
573 4031 654 4104 loco
678 4028 865 4124 Incipiunt,
891 3948 1046 4121 positum
1070 4024 1129 4111 srt,
1152 4025 1366 4122 Explicinnt.
1446 4029 1599 4106 Litterae
1634 4032 1715 4110 sunt

108 4129 265 4224 gothicae
283 4129 393 4228 paulo
414 4129 593 4228 majores,
620 4128 730 4203 rudes
746 4124 946 4199 admodum
968 4121 1006 4198 ἃ
1027 4123 1247 4218 inaequales,
1276 4137 1318 4196 ut
1342 4123 1489 4218 sculptae
1506 4128 1713 4217 videantur,

108 4249 177 4304 non
197 4227 299 4306 fusae.
350 4226 656 4325 interpunstionis
692 4222 832 4322 signum
861 4221 1011 4297 unicum
1042 4223 1220 4306 occurrit,
1249 4242 1380 4315 nempe
1406 4223 1587 4317 punsium.
1638 4227 1714 4304 lni-

109 4326 210 4402 tiales
234 4327 390 4415 litterae,
424 4326 608 4412 custodes,
644 4322 857 4420 signaturae,
897 4319 1113 4416 paginarum
1135 4316 1336 4394 numeri&
1359 4319 1610 4415 inscriptiones
1633 4326 1715 4401 ubi·

107 4424 173 4519 que
194 4422 336 4506 desunt.
387 4424 526 4501 Charta
540 4419 816 4505 estsinniffima·,
844 4419 967 4494 minus
988 4415 1071 4490 alba
1090 4416 1129 4493 &
1146 4415 1277 4512 polita,
1306 4415 1407 4490 nullo
1426 4418 1598 4493 chartarii
1613 4418 1714 4518 signo

109 4535 244 4601 notata.
297 4524 448 4613 Quaevis
469 4525 603 4620 pagina
624 4521 769 4616 integra
787 4519 940 4612 triginta
964 4516 1057 4589 duas
1077 4514 1193 4589 lineas
1208 4514 1393 4608 impressas
1409 4514 1585 4591 continet.
1638 4516 1714 4597 νο.

108 4618 233 4705 lumi-
248 4624 438 4724 integrum
459 4621 549 4702 solia
570 4617 738 4719 impressa
761 4639 834 4717 274
859 4612 1126 4791 ppmpleditur,
1183 4611 1453 4689 Celeberrimos
1478 4613 1715 4792 ⁸⁶¹¹Warfi⁰⁵

924 4735 947 4789 2
1565 4733 1638 4810 apu

676 1421 775 1495 Huic
796 1421 903 1495 lineae
927 1419 1019 1515 saepe
1041 1417 1236 1515 subjestum
1263 1419 1313 1494 est
1334 1422 1505 1517 punsium
1522 1423 1589 1526 (s)
1626 1428 1744 1504 Char·
1886 1506 1890 1521 ‚
