3922 5176
178 52 210 121 r·

116 360 123 371 ·
185 354 336 445 ια,
404 342 407 347 ·
510 412 525 439 .
827 300 1158 435 ἐξ
1342 354 1345 363 ·
1431 348 1462 434 ,·

179 544 280 618 annu
298 538 365 623 148
408 542 493 641 lituu
513 510 655 635 adiesto
675 518 826 596 nomine
841 520 1066 635 typographi
1080 516 1214 597 sai'oe‘.
1249 496 1353 595 idem
1368 518 1449 616 p'ug.
1465 506 1553 632 433ss
1564 466 1649 617 ulna
1662 515 1719 598 ἅ

179 648 250 703 nec
271 648 348 699 non
369 544 527 795 bach
550 640 634 716 pag.
656 642 715 712 qo.
732 617 771 695 iit
786 643 855 695 122
870 632 949 695 tres
969 630 1182 695 excitarunt
1198 616 1334 703 libros,
1359 615 1536 699 arnostus
1553 629 1715 713 typogra
1828 644 1834 655 ·

181 720 392 835 impressum
495 717 591 793 ’rum
612 716 798 792 Gnidonis
820 716 867 791 de
891 729 1020 830 monte
1046 715 1221 793 Rocherii
1244 713 1475 815 Manipulum
1494 726 1734 829 'cuntorum
1754 708 1804 799 ἃ

77 888 86 897 .
182 819 306 897 Biblia
324 817 441 893 lanua
462 838 560 891 sono
584 828 677 926 ¹48?
697 812 829 889 excusa
847 811 1085 913 Argentinae,
1112 836 1181 889 uec
1204 837 1279 889 uon
1300 812 1339 889 lu
1367 809 1570 889 Thauri·
1594 812 1646 889 dn
1667 813 1804 927 hittun

38 952 43 959 ·
182 916 231 995 ile
247 917 286 994 lu
303 916 369 1031 vie
386 912 560 991 humisine
581 909 692 1027 Puris.
715 925 821 1009 1482.
871 912 1036 1027 Uterque
1057 912 1209 987 eosdem
1302 910 1486 1023 ogruphos
1509 909 1682 1006 Lugduni
1708 934 1807 1007 quor

180 1006 1576 1215 ts.listi.st.⁰tb⁰s.32hs?hsssic.hthhl...timim
1590 1032 1659 1109 ¹⁸⁰
1677 1007 1821 1153 Μ)

9 1420 16 1435 ,
182 1324 352 1437 utili.
388 1316 637 1465 l’sulteriuiu
660 1317 843 1407 latinum
870 1312 1129 1443 ingolstadii
1154 1314 1412 1437 imprrffum.
1458 1312 1502 1411 in'
1526 1266 1616 1411 Fol
1651 1323 1777 1419 min.-
1831 1324 1835 1331 ’

228 1524 231 1531 “
349 1518 483 1617 Incipit
510 1512 718 1615 psalterium
745 1513 816 1591 hoc
832 1513 906 1592 sine
929 1514 1005 1590 ullo
1020 1516 1136 1592 titulo
1156 1530 1222 1593 aut
1243 1517 1486 1614 inscriptione.
1540 1516 1679 1595 Cutem
1700 1518 1805 1595 Psal-

102 1610 110 1629 “
180 1625 233 1705 ini
256 1620 385 1718 singuli
403 1615 586 1700 numeris,
608 1612 648 1691 δι
672 1615 811 1699 titulis,
838 1614 1149 1713 quemadmodum
1168 1617 1313 1711 paginae
1332 1615 1559 1702 custodibus,
1587 1614 1800 1713 signaturis,

179 1722 365 1807 numeris,
389 1716 428 1794 δι
451 1710 756 1809 inscriptionibus.
809 1712 947 1788 Desunt
964 1736 1109 1809 quoque
1122 1714 1284 1789 initiales
1298 1713 1435 1791 litterae
1448 1738 1522 1789 non
1541 1727 1687 1789 tanturn
1699 1714 1832 1803 Pial·,

182 1843 348 1904 morum,
374 1814 434 1891 sed
457 1811 496 1890 ἀ
519 1808 687 1887 versuum
710 1808 942 1908 singulorum.
995 1810 1149 1887 Litterae
1164 1811 1244 1889 sunt
1263 1810 1418 1888 missales
1438 1834 1601 1909 magnae,
1629 1811 1801 1919 luculen-

64 1928 69 1939 “
159 1934 256 2006 ¹tae,
280 1918 317 1994 δι
340 1915 541 2008 elegantes.
602 1908 754 2005 Paginae
784 1908 932 2005 lingulae
964 1908 1082 1984 lineas
1111 1910 1356 1985 novendecim
1379 1910 1565 2007 impressas
1590 1911 1800 1991 continent.

182 2017 347 2097 Psalmus
376 2024 549 2108 quartus:
575 2030 649 2080 cum
668 2006 855 2081 invocarem
874 2007 946 2084 &c
969 2008 1008 2081 in
1026 2007 1150 2083 aversa
1169 2006 1249 2083 folii
1276 2006 1420 2084 secundi
1437 2009 1587 2105 pagina,
1614 2010 1802 2105 linea103

63 2156 70 2170 ›
180 2115 345 2195 Psalmus
367 2104 551 2187 decimum
577 2104 622 2179 Iri
644 2101 776 2179 domino
797 2103 928 2203 confido
948 2103 1020 2182 &c
1044 2106 1174 2181 itidem
1197 2105 1237 2181 in
1259 2104 1384 2182 aversa
1409 2108 1543 2279 pagina
1576 2106 1655 2181 solii
1684 2107 1720 2183 se
1764 2109 1799 2185 i-

121 2206 126 2219 ’
180 2215 252 2300 nii,
274 2213 373 2287 linea
396 2233 417 2303 5
442 2206 672 2282 terminatur.
727 2202 877 2279 Psalmis
899 2205 1035 2300 partim
1059 2203 1210 2291 inserts,
1234 2205 1369 2300 partim
1393 2204 1432 2279 in
1480 2228 1528 2291 ‚ne
1551 2202 1688 2301 adjeiia
1727 2218 1802 2285 unt

180 2308 443 2391 canticulis,
471 2324 627 2400 quorum
654 2301 848 2398 publicus,
884 2301 991 2401 isque
1020 2301 1247 2399 frequentior
1273 2301 1384 2377 estin
1406 2300 1528 2395 officio
1555 2301 1801 2401 ecclesiastico

96 2462 105 2471 .
180 2411 276 2489 usus.
309 2406 471 2483 Psalmus
486 2398 704 2476 centesimos
751 2398 1063 2497 uinqusgesimus,
1079 2402 1184 2497 isque
1207 2399 1361 2477 ultimus
1383 2401 1603 2476 terminatur
1623 2403 1662 2477 in
1686 2424 1801 2483 aver·

181 2511 216 2587 sa
238 2507 319 2585 solii
341 2500 527 2580 centesimi
541 2494 703 2611 vigesimi
725 2421 817 2575 leiti
835 2499 994 2671 pagina,
1016 2498 1113 2574 linea
1136 2499 1258 2575 tertia.
1292 2496 1387 2572 Tum
1407 2498 1621 2576 immediate
1642 2499 1716 2576 siue
1736 2500 1814 2603 ul·-

153 2613 219 2686 ln
242 2601 394 2682 titulos
436 2602 536 2674 uitur
555 2608 742 2671 canticum
761 2620 809 2671 ex
852 2595 976 2692 scap.
998 2594 1079 2671 llll.
1102 2596 1351 2693 desumptum,
1408 2599 1483 2673 uod
1512 2597 1661 2695 incipit:
1699 2596 1797 2675 Con·

173 2702 301 2809 fitrbor
320 2697 383 2776 tibi
428 2703 467 2773 rie
494 2700 549 2793 prii
571 2695 663 2768 irot’
687 2717 721 2769 rr
735 2691 837 2768 miii:
862 2693 1015 2792 ciaersur
1034 2700 1051 2767 2
1062 2693 1169 2789 fiiror
1186 2700 1246 2769 tu⁹
1270 2619 1512 2794 &conletatur
1533 2722 1565 2770 rs
1589 2720 1649 2774 rire.
1702 2696 1797 2777 Hoc

179 2805 257 2883 alia
274 2800 466 2897 excipiunt
488 2792 651 2880 cantica,
689 2812 773 2889 quae
803 2788 907 2869 usum
931 2793 1068 2867 habent
1087 2792 1375 2889 frequentiorem
1406 2795 1445 2869 in
1470 2795 1594 2871 choro.
1646 2794 1796 2875 Postre-

178 2924 281 2979 mum
304 2896 372 2973 est:
410 2890 455 2969 Te
477 2890 587 2967 Derim
610 2887 788 2965 laudamus
811 2890 881 2967 &n
913 2891 1014 2991 quod
1038 2894 1258 2968 terminatur
1287 2897 1325 2965 in
1354 2893 1471 2988 prima
1497 2894 1576 2969 folii
1601 2884 1794 2973 centesn'nl

178 2996 353 3097 trigesimi
379 2992 471 3069 sexti
495 2989 647 3088 pagina,
686 2989 784 3064 linea
808 2989 951 3064 decima
982 3010 1091 3064 nona.
1154 2991 1194 3065 ln
1220 2990 1350 3067 eadem
1377 2990 1473 3066 linea
1496 2992 1597 3088 typis
1632 2993 1797 3085 iisdem„
1834 3008 1840 3017 '

178 3097 312 3276 puibns
333 3095 403 3169 hoc
429 3111 542 3187 opus,
571 3087 737 3264 illpoeffi
758 3085 932 3185 leguntur
951 3088 1082 3165 verba:
1108 3083 1270 3194 Impreffii
1290 3086 1465 3193 Iogolflat.
1513 3087 1652 3169 Aversa
1674 3090 1795 3191 hujis

194 3197 259 3273 olii
281 3194 415 3297 pagins
438 3209 555 3266 vacua
574 3210 594 3263 e
625 3242 634 3264 .
1119 3214 1122 3220 ·

265 3456 269 3465 ,
336 3376 434 3464 Quin
456 3371 671 3451 Psalteriuur
696 3369 790 3448 iliud
816 3368 947 3447 saeculo
971 3369 1054 3448 XV.
1089 3371 1296 3469 impreffum
1332 3374 1463 3460 suerit,
1493 3373 1577 3458 vix,
1601 3386 1714 3471 puto.
1741 3376 1790 3453 'in

176 3473 328 3551 dubium
350 3475 477 3550 vocari
504 3470 652 3570 poterit.
732 3469 914 3566 Equidem
944 3469 1067 3545 nullus
1096 3470 1245 3556 dubito,
1272 3475 1360 3569 quin
1388 3487 1476 3549 unte
1497 3494 1639 3547 annum
1656 3470 1785 3553 saltem

179 3588 272 3669 1480
298 3571 412 3669 praelo
439 3572 584 3645 exierit.
653 3570 774 3645 Locus
801 3566 1057 3664 impressionis,
1088 3567 1274 3671 Irgosstot,
1310 3586 1436 3670 aperte
1459 3571 1499 3646 in
1528 3568 1784 3667 subscriptione

175 3671 379 3746 indicatur:
408 3691 477 3742 nec
507 3670 553 3741 de
581 3666 672 3752 alia,
703 3688 814 3763 quam
839 3665 1013 3742 Bavariae
1042 3666 1175 3744 nostrae
1202 3670 1356 3745 civitate
1382 3668 1490 3766 hujus
1517 3668 1675 3743 nominis
1695 3667 1788 3762 quis

175 3770 321 3845 merito·
334 3764 428 3840 istud
451 3765 668 3839 vocabulum
705 3764 939 3859 interpretari
974 3765 1122 3859 poterit.
1186 3766 1244 3841 De
1273 3769 1506 3865 typographo
1539 3764 1783 3851 nonnanes,

200 3886 259 3941 uae
287 3862 482 3961 proferam.
533 3861 821 3957 Typographum
843 3864 1041 3954 quemdam
1059 3860 1136 3960 juni
1155 3860 1307 3959 septimo
1328 3866 1385 3940 vel
1407 3865 1535 3939 nituvo
1553 3862 1688 3938 Saec'uli
1697 3858 1786 3939 XV.

172 3888 352 4040 lecennio
375 3960 582 4056 lngolstadii
612 3957 725 4033 fixam
748 3957 907 4033 habuisse
936 3957 1076 4045 sedem,
1102 3961 1168 4037 vix
1187 3963 1417 4038 crediderim.
1486 3962 1651 4039 Videtur¹
1666 3960 1787 4056 igitur

170 4057 421 4144 nanieuntis,
462 4058 502 4135 tir
529 4061 577 4132 aii
600 4071 747 4152 tempus
778 4058 874 4132 sorte
900 4057 997 4153 apud
1019 4080 1090 4132 nos
1113 4062 1377 4135 commorantis
1401 4059 1624 4158 typographi
1649 4078 1788 4134 monu-

167 4172 337 4235 mentum
364 4153 526 4231 essehoc
554 4155 795 4242 Pl'alterium,
828 4155 972 4251 dequo
998 4179 1147 4243 omnes.
1177 4161 1276 4254 quod
1308 4159 1437 4244 sciam,
1463 4156 1722 4257 Bibliographi
1742 4157 1789 4231 h·
1839 4206 1842 4210 -

167 4257 257 4329 lent.
309 4253 349 4327 ln
372 4250 542 4328 utriculo
563 4254 675 4329 tertio
691 4253 791 4328 aliud
816 4265 987 4329 occurret
1007 4272 1288 4331 monumentum
1311 4272 1328 4331 t
1358 4257 1642 4354 pographicuuu
1666 4252 1786 4331 iiimi·

164 4372 249 4423 rum
278 4347 382 4424 Pauli
404 4349 586 4427 Lescherii
608 4350 808 4427 Rhetorica
832 4394 872 4406 -
903 4349 1118 4452 diligitiffime
1133 4355 1275 4452 cipofitu
1302 4281 1353 4429 tl
1363 4351 1544 4430 corrrHa·
1570 4378 1595 4428 o
1621 4355 1785 4454 magistro

107 4514 132 4537 ..
154 4445 267 4539 pauso
290 4444 413 4545 iescsirr
434 4444 477 4521 Θ
498 4448 572 4521 ideo
607 4447 772 4527 rohaha
806 4448 955 4546 srscsierii
991 4462 1197 4544 aucupetur
1215 4448 1260 4524 Iu
1285 4451 1376 4526 ulmo
1398 4452 1562 4553 gimofio
1582 4448 1784 4555 ingoldtflat

10 4552 136 4659 Μ’
156 4539 274 4648 Anno.
305 4542 484 4638 (omissus
498 4545 550 4621 est
568 4546 815 4631 millenarius,
836 4547 876 4624 ἀ
895 4546 1076 4639 ceuta'rii)
1099 4545 1260 4623 Laicis·
1299 4550 1340 4626 Si
1360 4572 1507 4639 revera,
1528 4546 1782 4645 utconjieere

139 4626 254 4729 iicet,
282 4638 504 4739 ingolstadii
524 4642 883 4747 impressiimeiiboc
902 4642 1112 4742 musulani,
1139 4644 1191 4725 est
1207 4662 1315 4741 uerte
1339 4644 1540 4738 onmium.
1556 4668 1641 4749 quae
1656 4646 1781 4822 bosni&
1821 4720 1824 4727 .

274 4768 277 4773 .
1665 4768 1693 4824 n
1831 4801 1842 4809 ἱ
