3892 5182
154 461 236 538 cliuo
264 493 312 515 ·-
336 454 500 555 completi
526 452 633 531 Anno
653 453 761 555 solut.
788 454 845 531 M.
860 452 1355 560 maximianopolis.
1385 454 1541 533 [Mediis.
1563 495 1610 513 -
1659 455 1778 535 memo

152 562 271 635 tertius
293 555 333 629 de
361 553 514 629 membris
536 557 656 650 sopitis
679 597 728 611 -
753 553 910 652 Explicit
928 596 978 613 -
1002 598 1045 611 -
1069 552 1172 629 Anno
1196 553 1322 630 domini
1342 554 1592 635 Mcccclxxxx.
1617 553 1776 653 diexx4'.

152 656 175 756 (
183 657 229 735 fio
255 679 318 751 pro
336 680 382 749 24
432 654 556 751 Meufir
573 651 760 728 decembris.
790 694 835 707 ·-·
898 653 1015 731 Sermo
1036 665 1176 749 quartus
1205 653 1246 728 de
1275 652 1427 730 membris
1444 650 1691 753 ,spiritualibus
1727 696 1770 711 -

154 756 295 854 explicit
316 792 352 807 -
419 751 637 827 cccclxxxxi.
666 750 777 825 Nonis
797 754 929 923 ougupqi
952 754 1098 826 venetiis.
1127 790 1176 809 --
1237 750 1352 828 Sereno
1383 754 1518 849 quintus
1549 751 1590 825 de
1621 750 1776 825 membris

152 847 431 931 naturalibus-
457 848 581 926 finitus
605 849 655 924 est
678 847 783 924 Anno
797 848 857 923 ans·
922 847 1164 946 .cccelxxxxj'.
1180 846 1235 923 die
1248 874 1325 925 uero
1343 865 1397 934 18.
1413 844 1536 953 ffiunij.
1560 890 1609 905 ·-
1659 848 1778 949 Sereno

146 952 267 1055 sextus
292 948 332 1023 de
358 943 511 1021 membris
531 948 755 1044 gmerotionis
775 985 819 1003 ..
843 947 902 1027 M.
918 973 1000 1022 cccc.
1017 945 1164 1044 lxxxxj.
1188 947 1301 1023 Nonis
1314 945 1462 1045 Augutli
1492 947 1653 1025 Uenetiir.
1703 949 1777 1023 De·

153 1072 256 1128 mum
278 1045 392 1123 Sereno
408 1043 570 1143 septimus
592 1044 633 1119 de
666 1045 819 1142 cirurgia
840 1059 871 1120 et
893 1044 934 1121 dr
960 1044 1171 1120 decoratione
1197 1086 1243 1101 ·-·
1275 1044 1438 1142 Explicit
1463 1084 1514 1107 υ
1542 1045 1679 1119 ultimus
1701 1044 1776 1143 ser·

152 1173 285 1225 monum
304 1145 433 1218 nouiter
455 1145 560 1241 impre
586 1168 691 1229 orum·
708 1143 856 1221 Umatiir
887 1185 932 1199 -
954 1168 1036 1218 curo
1060 1154 1091 1219 et
1111 1143 1262 1243 impenfis
1283 1142 1494 1221 Bernardini
1510 1142 1552 1217 de
1578 1140 1719 1235 Tridino
1739 1182 1778 1201 -

157 1245 404 1343 completorum
421 1238 527 1317 Anno
559 1240 715 1335 alutiserc
734 1241 1061 1317 incarnationis-deii.
1086 1267 1117 1317 1.
1154 1267 1208 1333 .o.
1222 1268 1253 1316 1.
1274 1240 1443 1340 Menstsq3
1459 1241 1513 1315 die
1536 1247 1578 1327 a?
1610 1236 1775 1318 Oliobris.

152 1344 352 1423 Sermones
369 1340 538 1423 tertium,
565 1338 604 1417 δι
623 1352 791 1435 quartum
811 1337 921 1436 hujus
936 1340 1109 1415 editionis
1167 1341 1235 1414 enis
1251 1340 1288 1415 in
1308 1339 1571 1437 Supplem'ento
1592 1360 1672 1434 pag.
1691 1361 1775 1431 293.

152 1443 202 1523 ad
222 1463 357 1517 annnm
379 1463 482 1535 14oo.
506 1437 643 1513 retulit.
693 1436 748 1513 At
765 1435 880 1513 sermo
905 1452 1064 1532 quartus.
1083 1461 1180 1514 anno
1203 1437 1352 1515 demum
1377 1456 1482 1533 1491.
1507 1436 1653 1535 prodiit.
1706 1438 1776 1517 Vix

151 1542 223 1621 erit
245 1536 478 1616 Bibliotheca
504 1536 543 1611 in
567 1537 774 1630 germania,
803 1557 885 1631 quae
912 1539 1095 1611 terniones
1118 1534 1201 1610 istos
1225 1556 1352 1611 omnes
1380 1534 1641 1632 complebitur.

402 1632 794 1819 eccene
816 1633 918 1807 nn
935 1631 1153 1807 llll·
1178 1632 1287 1806 cu
1302 1632 1550 1808 canc
1867 1646 1870 1651 ¹

152 1835 295 1933 polmus
319 1830 411 1906 liber
435 1756 481 1911 si>
502 1829 635 1903 eodem
699 1754 885 1924 gographo
906 1827 1092 1924 imprellus
1119 1754 1527 1904 cuinghis⁷recensetun
1596 1756 1667 1887 ⁴⁸9
1705 1754 1729 1829 q

263 1974 267 1979 ·
319 1949 373 2022 13.
390 1926 637 2039 ,Exposcious's
696 1927 806 2000 entilis
831 1924 1026 2038 Fulginatip
1035 1924 1137 2021 super
1151 1925 1298 2038 primam
1309 1923 1371 2019 fen
1393 1928 1508 2039 accorti
1528 1928 1666 2065 canonis
1683 1925 1776 2041 elui·

152 2024 526 2202 Malim
542 2020 1120 2222 iilllcttllttpitbll·
1152 2020 1776 2233 Hlt“nbt;lll‘;lllltg
1871 2216 1875 2225 ,

152 2225 214 2303 iol.
240 2245 299 2316 72.
358 2220 421 2297 Est
443 2222 481 2295 in
506 2219 583 2294 Fol.
607 2243 730 2316 magn.
762 2242 844 2294 cum
865 2218 981 2295 lolior.
995 2242 1105 2293 num.
1129 2218 1676 2316 paginar.1nscnpt.&fignac
1702 2220 1777 2298 fine

156 2322 294 2400 custod.
345 2317 452 2395 Coni.
480 2317 589 2392 Denir
613 2318 802 2414 Supplem.
825 2336 907 2413 pag.
939 2322 1021 2402 186.
1050 2318 1111 2393 ubi
1136 2318 1398 2393 commentaria
1420 2318 1578 2394 Gentilis
1603 2317 1705 2413 Fnlg.
1736 2320 1775 2396 in

148 2433 279 2527 potum
303 2439 482 2494 canonem
502 2429 672 2512 quartum
694 2429 979 2497 memorantur..
1029 2414 1105 2491 Sed
1133 2415 1407 2492 contenenda
1438 2438 1544 2491 ame
1571 2416 1776 2499 adannnm
1916 2490 1922 2497 ,

155 2542 175 2597 1
232 2540 264 2591 2.
293 2514 338 2590 N.
368 2510 466 2589 XVl.
528 2582 535 2597 ,
812 2560 837 2575 ··
1544 2578 1549 2586 .

139 2686 144 2697 ,
178 2542 228 2615 4⁹
321 2637 378 2708 14
403 2610 570 2689 Bartholi
588 2609 903 2693 commentatitio
917 2606 1095 2707 digestum
1114 2624 1221 2691 vetus
1239 2632 1324 2685 cum
1345 2607 1591 2688 additionibus
1615 2600 1779 2687 Alexan·

151 2710 217 2807 dri
241 2708 287 2787 de
309 2709 437 2788 imola.
462 2706 543 2785 Vol.
569 2733 604 2785 a.
625 2711 664 2784 in
690 2709 765 2785 Fol.
790 2734 911 2805 magn
961 2705 1024 2784 Aa
1041 2708 1180 2785 calcem
1200 2707 1280 2784 Vol.
1296 2710 1342 2783 l:
1369 2705 1562 2808 Impreffism
1578 2709 1649 2783 lllli
1666 2706 1687 2807 (
1698 2711 1778 2787 Me·
1894 2762 1899 2787 -.

157 2810 321 2909 diolani)
339 2832 401 2905 per
418 2811 609 2978 mogiplrunu
632 2806 849 2883 Leonordum
874 2806 991 2904 paclsel
1007 2806 1061 2881 die
1079 2811 1152 2903 xoj.
1175 2806 1301 2893 llinis
1323 2805 1462 2902 Septem.
1491 2806 1595 2881 Anno
1620 2809 1674 2882 M.
1692 2835 1777 2885 ecce.
1921 2892 1937 2909 .,

119 2937 125 2945 ·
161 2906 294 2988 lxxxx.
374 2902 436 2979 Ad
459 2928 500 2978 ca
517 2929 599 2980 cem
623 2904 705 2980 Vol.
731 2907 793 2983 lt:
820 2904 974 2981 Secundo
988 2929 1073 3001 porr
1088 2905 1221 3000 utfinis.
1225 2896 1270 2999 ff
1293 2908 1410 2981 ueteris
1425 2929 1493 2980 oua
1507 2911 1548 2979 cu
1571 2906 1775 2981 aditionibus

186 3005 260 3105 stc)
284 3001 465 3079 alexandri
485 3001 526 3077 de
547 3002 658 3076 Imola
681 3000 842 3099 Imprefflr
854 3001 1045 3075 Mediolani
1066 3015 1097 3074 et
1112 3002 1218 3097 finito
1235 3015 1355 3096 quarto
1374 3026 1479 3076 nonos
1498 2999 1698 3105 januarias
1718 3028 1777 3093 per·

209 3103 376 3197 onordum,
383 3099 503 3200 paclsel
524 3102 723 3179 teutonicum
730 3100 889 3194 feliciter.
905 3124 994 3173 anno
1010 3097 1071 3171 dni
1085 3098 1161 3192 mile
1173 3121 1236 3169 emo
1252 3096 1337 3194 (fic)
1351 3099 1673 3196 quadringentrfflmo
1689 3099 1775 3198 (lic)

157 3202 378 3373 nonogepmo.
431 3199 592 3277 Charalt.
617 3199 720 3293 goth.
746 3197 827 3305 coll.
846 3220 879 3271 a.
898 3195 1129 3309 cumignat.
1156 3194 1310 3309 inscript.
1334 3216 1439 3293 pagg.
1457 3196 1495 3272 &
1517 3197 1640 3273 initial.
1667 3198 1773 3309 litter.

157 3322 350 3480 llll?
373 3293 1775 3505 tillidi..llllilnltllt‘btll.⁵lll¹lllllltltdlllf

324 3515 380 3586 15.
406 3489 543 3565 Gnlirni
566 3491 652 3589 (fic)
679 3491 906 3588 Pcrgnmrnfis
926 3489 1138 3564 Medicorum
1162 3514 1305 3563 omnium
1327 3488 1495 3587 Principis
1525 3489 1636 3588 Opera
1664 3491 1777 3567 Forli·

158 3593 241 3669 citer
258 3589 424 3667 inclsoant.
453 3588 471 3686 (
481 3591 561 3665 haec
584 3590 623 3663 in
641 3590 763 3665 fronte
803 3590 883 3664 rimi
908 3588 1134 3666 Volmninis:
1158 3589 1262 3685 praeit
1279 3604 1401 3665 autem
1424 3585 1553 3663 Tubulo
1569 3588 1679 3679 libros
1703 3590 1776 3666 Ga·

159 3691 241 3769 lieni
259 3728 305 3744 —
333 3686 393 3765 sex
416 3688 524 3763 foliis.
548 3613 842 3800 comprehenti).
901 3683 964 3761 Ad
987 3687 1127 3799 calcem
1150 3687 1259 3783 primi
1283 3685 1380 3800 ⁸Vol:
1404 3684 1481 3859 βαι
1502 3689 1537 3761 in
1553 3691 1662 3784 primo
1679 3693 1775 3765 uolu-

159 3791 246 3865 nine
266 3788 473 3863 continentur
495 3782 630 3859 Golicnr
654 3811 756 3883 opera
772 3786 921 3878 feliciter
939 3786 1156 3880 expliciuntt.
1170 3786 1305 3858 venetius
1321 3810 1384 3881 per

160 3886 203 3962 de
229 3885 351 3959 Coneto
370 3881 533 3982 impreſjo.
596 3879 712 3958 Anno.
738 3882 793 3958 M.
816 3882 1022 3960 cccclxxxx.
1058 3884 1126 3956 die·
1144 3907 1220 3956 uero
1249 3886 1363 3981 xxor'y'.
1397 3887 1537 3981 augusti.
1586 3886 1777 3986 Augustino

158 3979 342 4060 barbodico
363 3980 566 4083 Serenifflmo
585 3994 722 4078 venetos
744 3983 902 4079 principe.
943 3981 994 4069 Ι[ιιΙ
1013 3980 1133 4057 fronte
1158 3980 1353 4072 voluminis,
1380 3980 1544 4056 secundi:
1573 3982 1710 4057 Galirni
1725 4028 1773 4040 -

156 4076 243 4156 liber
270 4075 311 4150 de
343 4077 524 4156 Elementis
540 4078 706 4173 foelimter
724 4081 860 4173 incipit:
903 4076 950 4154 ad
972 4078 1111 4154 calcem
1135 4077 1206 4161 nil.
1220 4079 1316 4155 nili:
1357 4078 1512 4175 Explicit
1530 4079 1614 4154 liber
1639 4082 1775 4156 Galieni

159 4176 208 4255 ud
231 4174 435 4274 glauconem
483 4176 639 4254 Accedit
667 4201 754 4253 vero
772 4175 917 4251 Tubulo
943 4173 1104 4251 librorum
1130 4176 1267 4251 Golienr'
1292 4181 1349 4274 qui
1379 4182 1415 4251 in
1432 4176 1578 4274 secundo
1609 4180 1771 4252 uolumine

160 4278 381 4351 continentur.
430 4274 593 4353 Charatt.
615 4281 716 4375 goth.
741 4298 824 4351 cum
841 4298 947 4372 pagg.
963 4275 1119 4371 inscript.
1134 4275 1263 4351 initial.
1284 4278 1413 4351 litteris
1429 4279 1569 4372 parvis,
1596 4274 1771 4371 designat.

159 4372 232 4459 line
255 4371 388 4469 custod.
413 4368 453 4446 lie
477 4371 550 4445 loll.
574 4401 673 4453 num.
697 4377 735 4450 in
756 4375 815 4449 fol.
866 4372 988 4453 Editio
1006 4396 1081 4452 non
1099 4374 1297 4453 admodum
1317 4378 1526 4473 int‘requens
1547 4372 1660 4448 studio
1682 4378 1773 4453 Dio·

159 4472 280 4549 medis
307 4467 490 4553 Bonardi,
514 4468 654 4567 Phyfici
676 4470 874 4550 Brixienfis
897 4474 1086 4550 adornata.
1724 4490 1729 4507 ¹

210 4662 381 4757 Suemiller
403 4660 500 4764 Fosc.
520 4660 596 4739 IV.
967 4667 1003 4749 Β
1516 4671 1573 4747 ¹⁶·
1600 4663 1727 4767 Imm

1435 3785 1596 3882 bilippum
1622 3778 1774 3878 Pintium
1891 3827 1897 3836 ·
