3892 5182
243 317 296 408 18
890 286 1214 420 ’ᾧ

241 496 408 573 cedentis
426 491 582 594 impressi
599 494 697 570 nulla
718 495 754 571 in
771 491 1002 572 dedicatione
1017 492 1083 569 fiat
1096 496 1255 596 mentio:
1282 494 1377 574 rede
1397 506 1522 574 tamen
1544 496 1607 574 ille
1630 519 1727 574 anno
1752 501 1855 596 1469.

242 593 304 671 vel
329 599 431 692 1468.
455 591 641 690 impressus
668 592 736 668 else
763 591 958 688 judicatur.
1035 591 1182 677 Mis-sum
1211 595 1344 694 quippe
1367 596 1415 673 ad
1438 595 1737 672 Maximilianum
1760 596 1856 673 hunc

145 781 148 785 ,
241 692 345 768 suilse
368 694 501 767 librum
521 691 597 788 jam
619 691 844 788 impressum,
873 715 983 789 quam
1000 689 1331 792 manuscriptum,
1355 693 1406 770 est
1429 694 1539 790 lunge
1569 718 1658 769 vero
1688 692 1857 780 similius,

245 816 288 865 ea
312 791 511 887 praesertim
530 801 661 876 aetate,
676 786 761 885 .q'ua
782 789 895 880 libros
919 789 1155 886 imprimendi
1176 813 1236 869 ars
1261 792 1300 867 in
1325 792 1415 877 urbe
1436 792 1559 886 Rpma
1581 792 1657 889 jam
1680 817 1754 867 non
1779 816 1858 868 am·

243 889 340 986 plius
369 902 448 962 erat
469 899 533 961 aut
557 888 721 971 occulta,
756 899 820 962 aut
848 888 1141 975 omninonova.
1218 888 1322 964 Folio
1355 890 1510 966 secundo
1533 891 1586 965 im
1612 889 1701 966 relso
1729 892 1859 986 incipit

244 985 324 1083 ejus
347 987 409 1081 qui
432 987 564 1060 librum
585 1008 644 1071 ex,
654 1005 777 1080 graeco
802 983 918 1075 latine
933 985 1065 1072 vertit,
1094 979 1279 1081 dedicatio
1295 987 1343 1064 ad
1360 988 1556 1064 Nicolaum
1571 912 1616 1065 N.
1633 989 1740 1072 Pont.
1756 990 1859 1063 Max.

245 1106 329 1181 quae
349 1083 475 1157 sinitur
495 1082 574 1157 solii
602 1084 702 1159 tertii
724 1085 858 1180 pagina
879 1085 1018 1182 prima,
1044 1083 1142 1158 linea
1164 1086 1318 1163 decima.
1345 1085 1491 1174 Nostri
1506 1086 1727 1183 exemplaris
1743 1087 1861 1161 rubri·

246 1198 368 1265 cator,
395 1182 493 1255 haud
514 1180 624 1277 longe
647 1180 693 1256 ab
712 1178 969 1280 impressi'libri
992 1182 1133 1280 epocha
1156 1207 1258 1259 remo
1303 1183 1580 1282 spolieriorem
1601 1185 1695 1258 hanc
1715 1184 1862 1259 dedica·

245 1282 405 1365 tionem,
430 1279 469 1355 dt
489 1278 559 1354 hoc
583 1277 657 1377 ipso
681 1276 835 1355 latinam
857 1280 939 1357 libri
965 1304 1014 1355 ex
1036 1303 1159 1376 graeco
1181 1305 1247 1356 ver
1261 1306 1384 1359 ionem
1405 1283 1534 1357 tribuit
1559 1283 1720 1376 Georgio
1744 1280 1863 1358 Tifer·

246 1379 329 1463 nio,
358 1375 435 1462 seu,
471 1390 515 1451 ut
536 1376 669 1454 cestius
691 1376 877 1469 scribitur,
899 1445 902 1451 .
921 1379 1103 1479 Gregorio
1126 1376 1362 1476 Tiplaernati,
1406 1402 1610 1476 graecarum
1633 1380 1862 1466 litterarum,

246 1497 338 1649 {uas
360 1474 569 1550 aNlanuele
590 1473 811 1572 Chrysalora
831 1476 980 1561 didicit,
1008 1476 1046 1554 dc
1065 1476 1209 1553 Parilis
1225 1478 1400 1576 professus
1424 1476 1496 1564 est,
1518 1475 1739 1575 peritissimo.
1789 1477 1865 1553 Re·

282 1599 349 1649 ene
373 1596 421 1648 an
446 1572 546 1648 secus
571 1574 610 1649 id
633 1572 768 1651 sadum
791 1572 851 1661 fit,
889 1575 1004 1649 nolim
1027 1572 1202 1671 judicare.
1269 1577 1320 1653 ld
1345 1590 1488 1653 certum
1511 1574 1579 1662 est,
1621 1574 1864 1668 dedicationis

247 1671 349 1748 istius
372 1669 574 1757 austorem,
614 1673 857 1769 eumdemque
880 1672 964 1748 libri
986 1673 1225 1771 interpretem
1251 1699 1327 1749 non
1350 1672 1418 1749 elle
1440 1674 1674 1750 Cardinaiem
1705 1673 1866 1749 Francis·

249 1793 335 1846 cum
359 1769 405 1843 de
426 1768 706 1857 PicolomiueiS,
732 1785 775 1847 ut
803 1771 954 1868 quidem
977 1770 1018 1844 P.
1036 1771 1144 1866 Laire
1170 1772 1210 1847 P.
1228 1767 1445 1858 Audifredi,
1474 1772 1528 1848 Cl.
1544 1774 1602 1849 'de
1626 1773 1743 1857 Bure,
1768 1774 1866 1848 Har·

115 1888 119 1899 ·
249 1868 361 1944 wood
382 1867 451 1940 loc.
469 1866 530 1941 cit.
558 1867 595 1943 dr
622 1880 708 1942 ante
731 1892 795 1944 eos
818 1869 995 1968 chherus
1022 1875 1056 1943 iu
1080 1871 1213 1966 gelestre.
1234 1872 1399 1946 Lexicon
1420 1870 1588 1946 arbitrati
1613 1868 1703 1944 sunt.
1768 1868 1866 1945 Nam

250 1980 329 2041 nec.
347 1963 418 2061 ipse
442 1965 481 2037 in
508 1965 739 2042 dedicatione
762 1967 809 2040 ad
834 1966 1132 2043 Maximilianum
1156 1969 1252 2043 hunc
1281 1967 1344 2047 fibi
1376 1968 1544 2045 adscribit
1570 1969 1754 2054 laborem,
1795 1993 1864 2046 nec

143 2099 168 2156 p·
251 2062 353 2140 Petri
373 2061 494 2136 sedem
513 2076 663 2138 tenente
688 2064 843 2165 Nicolao
866 2062 911 2141 V.
936 2087 980 2139 ea
1008 2063 1084 2162 jam
1112 2082 1193 2141 erat
1227 2078 1358 2154 aetate,
1399 2082 1442 2141 ut
1464 2067 1650 2143 vertendis
1675 2091 1722 2142 ex
1743 2086 1894 2162 graeco>

251 2161 358 2237 libris
377 2158 490 2256 pollet
512 2161 666 2236 idoneus
694 2162 830 2239 haberi.
911 2162 1008 2237 Nam
1031 2164 1124 2239 obiit
1140 2163 1316 2239 Nicolaus
1332 2164 1377 2240 V.
1407 2185 1503 2239 anno
1528 2186 1652 2262 1455„
1686 2187 1758 2260 quo
1786 2165 1867 2260 qui·

251 2260 340 2337 dem
372 2281 469 2333 anno
506 2258 716 2334 Franciscus
747 2263 795 2336 de
825 2260 1088 2337 Picolomineis
1118 2263 1184 2338 vix
1207 2284 1345 2338 annum
1368 2265 1494 2338 aetatis
1516 2263 1700 2338 decimum
1724 2261 1865 2337 sextum

253 2371 453 2451 exegerat,
473 2368 624 2455 utpote,
650 2359 715 2453 qui
739 2381 856 2446 annos
887 2371 997 2452 natus
1016 2357 1207 2456 sexaginta
1229 2375 1388 2457 quatuor
1409 2363 1537 2440 vivere
1563 2359 1665 2436 defiit
1687 2359 1770 2435 XV.
1787 2358 1869 2435 Kal.

175 2493 191 2512 -·
253 2454 349 2529 Nov.
375 2478 471 2527 anno
499 2463 601 2550 1503.
621 2454 686 2533 ‚die
710 2454 883 2554 vigesima
906 2456 1024 2544 sexta,
1065 2460 1253 2556 postquam
1275 2459 1435 2533 summus
1460 2457 1652 2537 Pontifex,
1691 2454 1869 2547 assumpto

252 2553 295 2626 in
319 2553 536 2627 memoriam
559 2553 615 2627 Pii
638 2553 681 2629 ΙΙ.
704 2556 877 2634 avunculi
899 2554 949 2631 sui
972 2557 1121 2632 nomine
1151 2555 1207 2629 Pii
1222 2554 1283 2628 lll.
1303 2554 1390 2628 esset
1413 2551 1567 2626 saeos..
1615 2550 1730 2625 Porro
1753 2550 1871 2622 inter·

256 2672 340 2745 pres
362 2648 399 2722 in
419 2650 649 2726 dedicatione
670 2653 719 2728 ad
735 2652 930 2730 Nicolaum
945 2653 991 2731 V.
1016 2654 1190 2729 sevirum
1210 2649 1386 2724 monstrat
1409 2661 1521 2723 aetate
1544 2650 1748 2731 maturum,
1774 2645 1872 2720 mul·

252 2748 297 2847 ta
321 2745 473 2824 lestione
493 2744 702 2846 excultum,
729 2775 925 2850 rerumque
935 2751 1169 2847 'experientia
1192 2747 1419 2842 pollentem„
1464 2743 1792 2852 Haslirproadotes¹
1813 2740 1872 2852 jus

260 2847 343 2921 veni
375 2842 530 2923 sedecim
552 2869 734 2931 annorum
752 2876 863 2929 nemo
885 2849 992 2935 facile
1015 2843 1236 2923 attribuerit.
1595 2884 1598 2891 ·

356 3034 637 3131 Dedicationem
667 3047 878 3145 interpretis
903 3039 952 3115 ad
977 3032 1173 3115 Nicolaum
1186 3037 1234 3120 V.
1258 3037 1369 3117 Pont.
1397 3034 1498 3115 Max.
1525 2999 1723 3141 in.'⁵e³adem
1741 3003 1874 3133 pagina

140 3150 143 3155 “
261 3136 361 3213 tertii
382 3136 461 3212 solii
481 3144 620 3241 excipit
641 3145 715 3242 ipsa
737 3142 867 3221 Dionis
892 3137 1011 3211 oratio
1032 3134 1092 3212 seu
1114 3135 1140 3211 sr
1161 3138 1301 3221 mavis,
1327 3135 1418 3213 liber
1438 3135 1484 3210 de
1506 3158 1631 3242 regno.
1674 3134 1793 3239 Hupq
1808 3160 1875 3208 no·

261 3235 321 3311 stri
341 3237 561 3335 exemplaris
585 3243 791 3411 rubricaffr
812 3237 855 3310 in'
874 3250 1026 3338 partes,
1046 3236 1272 3332 quoslibros
1290 3244 1420 3320 vocat,
1473 3247 1605 3309 uatuor
1621 3231 1760 3317 divisit,
1787 3255 1877 3403 guo-

229 3362 233 3368 ·
263 3358 344 3410 rum
376 3332 535 3431 singulos
563 3339 682 3415 titulis
711 3336 725 3413 i
764 3323 897 3430 ignivit
929 3332 962 3409 se
988 3347 1139 3407 uentem
1164 3335 1203 3406 in
1234 3331 1404 3407 modum:
1470 3333 1554 3404 ionis
1584 3329 1768 3431 praesamfis
1788 3415 1790 3421 ¹
1807 3325 1877 3403 ibet

256 3436 388 3533 primas
401 3473 418 3490 ·
428 3432 595 3608 (ecundw
609 3477 626 3493 ·
639 3435 779 3510 sertim·
792 3442 931 3528 quartus
1002 3429 1138 3503 ultimus
1153 3427 1192 3503 de
1207 3454 1311 3527 regno
1318 3428 1467 3539 feliciter
1482 3431 1609 3529 incipit.
1656 3427 1759 3511 idem
1768 3426 1874 3538 libris

28 3578 33 3586 -
140 3591 144 3595 .
263 3530 411 3631 lingulis
443 3533 573 3612 itteras
594 3530 756 3611 initiales
772 3528 952 3625 adpinxit.
1001 3528 1097 3604 Cum
1117 3529 1195 3613 his,
1224 3542 1305 3603 tum
1319 3525 1402 3624 ipsis
1420 3528 1539 3629 titulis
1554 3523 1879 3628 adscribendrstp·

265 3622 476 3728 po'graphus
496 3629 650 3729 spatium
669 3650 829 3705 vacuum
842 3625 1001 3724 reliquit.
1052 3624 1161 3704 Vnde
1177 3624 1364 3722 colligitur
1375 3628 1428 3703 'ab
1449 3626 1525 3724 ipso
1547 3626 1707 3708 editore,
1735 3620 1806 3697 vel.
1819 3623 1878 3725 ip·

266 3743 426 3827 terprete
445 3729 580 3808 librum
599 3727 698 3802 hunc
717 3724 819 3803 fuisse
837 3726 876 3801 in
899 3737 1056 3821 quatuor
1078 3738 1201 3822 partes
1226 3722 1392 3800 divisum.
1441 3722 1484 3800 ln
1504 3722 1577 3798 sme
1598 3722 1682 3797 libri
1705 3718 1806 3795 nulla
1819 3718 1881 3795 le·

267 3829 367 3920 gitur
387 3825 744 3921 loci,'typographi‚
789 3823 876 3898 anni
899 3823 1043 3899 notitia.
1119 3819 1299 3899 Attamen
1321 3823 1423 3919 typis
1453 3821 1634 3895 Romanis
1654 3842 1750 3895 anuo
1778 3822 1890 3915 1468,-

173 3966 176 3977 ·
268 3919 328 3999 vel
352 3924 459 4021 initio
480 3922 567 3995 anni
593 3949 607 3997 1
639 3929 696 4019 69.
713 3920 886 3998 excusum
908 3919 976 3997 else
997 3920 1130 3996 librum
1146 3945 1194 3995 ex
1213 3919 1323 4017 paulo
1344 3934 1431 3995 ante
1457 3919 1562 3994 distis
1582 3932 1671 4015 puto
1694 3915 1780 3990 satis
1796 3938 1884 3991 con·
1927 3996 1930 4015 Ι

271 4021 371 4098 stare.
433 4019 588 4094 Litterae
612 3951 692 4095 sum
719 4020 906 4105 rotundae,
940 4041 1066 4116 eaeque
1095 4015 1385 4131 elegantissimae,
1418 4016 1662 4129 elegantiores
1684 4014 1777 4097 illis,
1804 4014 1885 4109 qui·
1923 4050 1930 4061 ·

270 4119 460 4193 busanno
498 4122 601 4214 1469.
631 4117 720 4194 Auli
741 4116 853 4194 Gellii
878 4116 1002 4194 nones
1034 4119 1181 4203 atticae,
1216 4116 1254 4194 dr
1275 4116 1380 4191 Lucii
1401 4110 1551 4210 Apulen
1575 4110 1842 4221 operaRomae
1863 4139 1885 4188 e

271 4211 517 4311 typographia
543 4213 851 4303 Schweinhemii,
877 4230 915 4292 et
934 4216 1104 4291 Panaraii
1130 4214 1355 4311 prodierunt.
1418 4212 1540 4296 Quare
1560 4206 1619 4283 his
1645 4206 1793 4303 quidem
1821 4211 1885 4285 ad-

270 4310 457 4386 scribenda
475 4317 718 4414 typographis
738 4316 839 4391 haud
864 4315 1013 4393 videtur
1034 4314 1120 4400 haec¹
1138 4311 1265 4385 editio.
1316 4304 1475 4383 Accedit
1498 4306 1598 4403 quod
1619 4304 1742 4381 littera
1761 4303 1829 4419 Jod
1846 4312 1885 4388 in

197 4498 203 4509 ,
271 4409 391 4485 Dione
414 4412 535 4489 ubivis
561 4411 734 4511 punstum
756 4409 971 4489 habeat'srbi
995 4405 1222 4504 impositum,
1247 4430 1320 4500 quo
1343 4419 1445 4481 caret
1466 4405 1596 4478 eadem
1620 4404 1659 4479 in
1679 4403 1820 4491 Gella,
1847 4409 1887 4487 ὅ(

191 4514 195 4521 ’
277 4506 443 4608 Apuleio.
519 4513 694 4594 Ceterum
725 4511 870 4592 desunt,
912 4519 1047 4602 praeter
1079 4505 1224 4579 litteras
1254 4502 1475 4600 singulorum
1500 4501 1680 4579 librorum
1704 4503 1883 4598 initialeS‚

141 4650 145 4655 ·
275 4613 388 4688 etiarn
406 4607 845 4708 signaturae..culiodes,
855 4603 1079 4705 paginarum
1100 4601 1254 4678 numeri.
1331 4599 1499 4701 Papyms
1519 4600 1733 4679 firmitatem
1757 4623 1886 4701 perga·

424 4712 427 4719 .
889 4706 895 4717 .
988 4706 1077 4769 ...Ι
1255 4704 1261 4713 .
1610 4748 1613 4753 4
1737 4702 1838 4777 meni
