3892 5182
163 331 245 433 186
597 426 621 435 ..
815 310 1136 432 ΑΒ

55 610 58 615 ,
112 548 116 553 ·
164 526 224 602 est.
277 524 416 618 Pagina
443 517 586 633 quaevis
614 518 769 616 triginta
795 515 856 594 sex
876 519 994 594 lineas
1016 517 1202 616 impressas
1225 519 1412 607 continet,
1436 542 1509 594 non
1537 514 1786 598 adnumerata

164 627 342 698 librorum
363 617 595 712 inscnptione
622 617 660 691 in
684 617 858 714 superiori
887 618 1053 712 margine
1078 614 1244 713 cujusvis
1273 619 1429 714 paginae.
1481 615 1664 693 Volumeu
1684 619 1787 695 inte·

84 800 87 805 ,
167 743 274 816 grum
307 717 406 791 soliis
438 713 578 790 constat
610 715 784 810 impreffis
811 736 892 811 253.
967 712 1029 788 Ad
1054 714 1193 789 calcem
1252 718 1357 789 rimae
1383 715 1528 811 paginae
1553 716 1633 818 folii
1658 715 1801 792 ultimi·

167 820 247 893 haec
274 815 445 906 leguntur
472 811 657 909 impressa:
698 810 803 888 Liber
830 813 1028 910 expoſstori⁹
1056 814 1157 885 lolius
1187 740 1502 898 bassianillam
1548 837 1587 885 ue
1619 817 1630 888 i
1660 814 1744 887 ecclc
1758 837 1800 888 ta

167 916 342 989 recitare.
378 910 435 1006 qai
464 909 691 984 mdmotresiur
712 910 875 1010 appellat⁹
891 910 1040 1006 feliciter
1066 909 1215 1006 explicit.
1294 909 1461 984 Eandem
1489 838 1792 1005 subscriptionem

167 1013 207 1089 in
232 1007 452 1104 exemplari,
478 1010 576 1102 quod
597 1007 714 1082 exstat
739 1011 777 1082 in
799 1008 1032 1083 Bibliotheca
1057 1007 1314 1083 Ratisbonensr
1342 1008 1480 1094 civica,
1522 1007 1648 1082 haberi
1676 1008 1793 1083 tella·

170 1122 231 1184 tur
256 1109 314 1182 vir
336 1106 381 1181 cl.
407 1104 562 1179 Carolus
584 1104 801 1181 Theodorus
821 1107 1019 1182 Gemeiner
1042 1105 1081 1180 iu
1104 1106 1321 1197 ili-oduidprn
1343 1124 1407 1180 uon
1431 1111 1484 1179 bu
1506 1109 1540 1177 lu
1568 1113 1622 1178 brt
1639 1104 1795 1204 virgenus

77 1286 82 1299 ,
171 1205 349 1303 burplsdpru
375 1202 660 1293 &retribuetur
684 1206 885 1296 brpubsiduu
912 1202 1071 1295 ‘bidem
1094 1225 1134 1277 u.
1161 1225 1244 1299 pag.
1265 1229 1323 1300 34.
1374 1203 1476 1277 Loco
1498 1203 1697 1302 expofitori⁹
1724 1203 1798 1278 ha·

174 1305 236 1378 bet
260 1317 385 1375 tamen
408 1301 629 1399 expostlionis.
694 1301 769 1376 Sed
791 1302 939 1377 videtur
963 1302 1009 1374 de
1035 1298 1132 1375 sensu
1159 1301 1302 1397 potius,
1331 1323 1440 1397 quam
1465 1299 1578 1374 verbo
1597 1299 1699 1375 fuisse
1723 1298 1798 1375 sol·

29 1406 33 1414 '
173 1401 298 1475 licitus
330 1420 452 1495 quern.
529 1398 643 1473 odum
673 1399 773 1473 idem
796 1397 1070 1494 bibliographus
1096 1398 1136 1471 in
1160 1397 1403 1473 describendis
1427 1395 1583 1472 aliorum
1608 1399 1722 1472 etiam
1750 1398 1801 1474 li·

173 1499 324 1573 brorum
353 1493 466 1569 subscr
508 1495 669 1570 tionibus
694 1496 907 1592 plerumque
936 1495 1152 1568 modernam
1178 1494 1340 1590 sequitur
1362 1493 1682 1590 orthographiam,
1715 1520 1796 1572 non

174 1593 394 1677 observatis,
421 1614 504 1688 quae
529 1594 568 1668 in
592 1594 753 1689 antiquis
776 1593 880 1668 libris
907 1606 1123 1678 occurrunt,
1145 1592 1425 1668 abbreviaturis.
1491 1592 1676 1667 Convenit
1697 1614 1799 1691 prae·

176 1706 278 1769 terea
293 1688 498 1785 ''exemplar
535 1691 630 1766 acl.
660 1692 857 1766 Gemeiner
894 1689 963 1764 loc.
988 1690 1049 1764 cit.
1088 1689 1309 1786 descriptum
1335 1714 1419 1764 cum
1443 1687 1564 1764 nostro
1592 1688 1800 1788 exemplari

175 1791 216 1864 in
250 1812 402 1866 numero
427 1787 619 1874 soliorum,
648 1788 685 1864 δε
712 1788 845 1862 ceteris
870 1788 969 1862 notis
996 1787 1262 1862 charassericis
1315 1787 1452 1861 Desunt
1476 1807 1608 1882 nempe
1631 1788 1669 1861 in
1690 1801 1801 1863 utro·

176 1911 248 1984 que
276 1885 478 1981 exemplari
501 1885 697 1970 Custodes,
724 1884 936 1980 signatores,
965 1885 1181 1980 paginarum
1204 1887 1366 1960 numeri:
1403 1885 1514 1960 habet
1539 1907 1625 1958 vero
1651 1897 1799 1961 utrum·

176 2009 248 2082 que
281 1984 534 2078 inscriptiones
568 1983 784 2079 paginarum
809 1984 847 2057 in
877 1983 1050 2078 superiori
1078 1982 1267 2077 margine,
1308 1997 1351 2058 ut
1384 1981 1493 2080 paulo
1531 1995 1617 2056 ante
1647 1983 1726 2062 dixi
1750 1982 1799 2060 de

176 2082 299 2159 nostro
326 2081 538 2176 exemplari.
592 2079 664 2155 Vix
689 2080 819 2175 igitur,
846 2093 956 2183 puto,
984 2080 1227 2155 dubitandum
1251 2080 1337 2166 esse,
1367 2081 1455 2176 quin
1482 2078 1642 2155 nostrum
1669 2103 1799 2179 exem·¹

177 2181 259 2279 plat
282 2178 448 2275 ejusdem
468 2175 511 2252 s1t
535 2178 709 2252 editionis
734 2202 819 2252 cum
840 2177 1042 2274 exemplari
1078 2201 1099 2251 a
1123 2177 1168 2253 cl.
1192 2180 1390 2254 Gemeiner
1412 2175 1603 2272 descripto.
1679 2178 1813 2255 Porro·

179 2280 240 2356 hic
265 2277 453 2360 adfirmat,
490 2276 771 2350 celeberrimum
801 2277 1055 2352 Schwarzium
1083 2275 1178 2351 hauc
1208 2276 1408 2351 editionem
1437 2277 1602 2349 omnium
1638 2276 1817 2371 primam¹

120 2459 128 2467 ‚
179 2373 362 2476 judicasse.
433 2371 508 2469 lpse
533 2396 620 2447 vero
646 2374 768 2459 addit,
795 2374 952 2470 probatu
975 2372 1123 2448 difficile
1145 2373 1331 2460 futurum,
1370 2373 1526 2447 nostram
1550 2372 1644 2446 hanc
1665 2374 1811 2463 editior

181 2499 267 2549 nem
290 2472 359 2548 esse
380 2470 602 2565 lllloguntina
627 2472 713 2544 anni
740 2496 842 2570 1470.
869 2473 1050 2569 priorem,
1079 2493 1151 2566 qua
1174 2472 1212 2544 in
1231 2495 1271 2545 re
1296 2471 1404 2545 sacile
1428 2467 1675 2544 consenserim.
1742 2471 1809 2549 De‘

183 2568 474 2669 typographo&
500 2567 582 2640 loco
604 2567 842 2662 impressionis
871 2594 938 2642 nec
967 2566 1051 2640 satis
1085 2568 1291 2661 probabiles
1316 2570 1464 2663 quidem
1487 2565 1712 2664 conjesiuras
1735 2570 1824 2651 ha,

182 2670 263 2746 beo.
315 2664 427 2738 Siluit
449 2686 593 2756 quoque
617 2686 661 2735 ea
685 2664 731 2735 de
755 2686 794 2735 re
818 2665 862 2737 cl.
885 2665 1085 2738 Gemeiner
1109 2661 1181 2738 sme
1204 2666 1334 2749 dubio,
1362 2667 1459 2760 quod
1479 2667 1515 2742 cir
1539 2666 1611 2761 ipse
1636 2667 1803 2746 nonhv

1 2867 5 2874 .
147 2814 151 2821 ·
182 2766 306 2848 beret,
332 2761 430 2858 quod
450 2760 536 2835 satis
561 2758 647 2835 esset
673 2760 870 2857 probablle.

184 3114 402 3214 XCVIII.
431 3112 641 3230 Jobannis
672 3113 810 3207 Nider
836 3118 1001 3209 ordinis
1027 3118 1244 3208 Praedicat.
1277 3118 1611 3234 Praeceptorium
1641 3100 1823 3213 divina

217 3265 219 3271 ¹
298 3231 452 3347 Legis.
487 3231 533 3321 in
558 3229 598 3321 F
601 3233 659 3320 ol.
693 3233 797 3321 min.
827 3248 871 3386 p

283 3531 491 3608 Praemissus
522 3531 572 3606 est
602 3528 715 3606 index
740 3528 898 3629 duplex,
926 3529 1192 3630 Alphabeticus
1228 3532 1485 3618 materiarum,
1512 3530 1550 3608 dr
1577 3519 1804 3626 singulorum
1831 3618 1840 3631 ,

187 3631 317 3705 ordine
337 3631 519 3724 capitum,
544 3628 644 3701 soliis
667 3629 947 3725 comprehensus
973 3629 1148 3727 imprellis
1169 3657 1225 3725 23.
1287 3631 1438 3726 Paginae
1462 3629 1611 3725 singulae
1633 3651 1719 3703 cum
1748 3630 1811 3707 in&

190 3726 283 3802 dicis
307 3724 434 3822 hujus,
460 3737 542 3797 tum
562 3722 671 3819 ipsius
693 3729 814 3821 operis
843 3728 882 3799 in
910 3723 1216 3802 duas'c'olumnas
1245 3727 1417 3801 dillinslae
1444 3726 1540 3811 sunt,
1567 3728 1605 3803 &
1627 3723 1817 3823 impressae·

189 3824 340 3919 gothico
361 3821 567 3897 charusiere
590 3844 664 3894 non
691 3823 776 3896 satis
798 3822 969 3917 aequabili
994 3824 1133 3900 chartae
1157 3826 1355 3900 admodum
1377 3825 1511 3908 snmae,
1539 3822 1597 3899 sed
1624 3823 1808 3920 impolit'ae

191 3927 229 4000 dr
250 3921 372 3996 minus
394 3920 498 3996 albae.
579 3917 742 3994 lnitiales
773 3920 908 3996 litterae
931 3922 1111 4018 capitum,
1138 3922 1323 4009 custodes,
1349 3920 1561 4018 fignaturae,
1588 3923 1811 4020 paginarum

193 4020 336 4094 numeri
360 4014 497 4094 desunt.
546 4016 588 4093 ln
610 4014 783 4114 superiori
815 4019 981 4114 margine
1002 4018 1167 4117 cujusvis
1191 4023 1336 4118 paginae
1367 4021 1551 4095 indicatur
1580 4032 1813 4117 praeceptum

194 4119 233 4196 δι
255 4115 473 4212 capitulum,
497 4141 529 4192 e.
544 4140 579 4213 g.
615 4113 764 4190 Tercium
784 4116 978 4216 Preceptam
1004 4119 1183 4218 capitulum
1205 4118 1363 4193 oliorum.
1442 4118 1625 4214 Capitulis
1656 4114 1809 4214 singulis

194 4240 270 4289 non
294 4215 374 4288 sunt
403 4213 556 4310 praelixa
576 4214 786 4302 summaria,
827 4215 886 4291 sed
918 4215 1013 4294 solus
1049 4240 1178 4292 eorum
1211 4240 1386 4292 numerus
1411 4217 1479 4290 hac
1508 4217 1669 4300 ratione,
1710 4239 1745 4298 e.
1772 4238 1811 4313 g.

200 4311 391 4411 Capitulum
415 4308 565 4386 Statum.
619 4313 923 4409 Interpunuionis
945 4313 1085 4412 signum
1108 4314 1248 4390 nullum
1264 4313 1365 4389 aliud
1381 4314 1560 4400 occurrit,
1587 4335 1815 4411 quampun·

195 4409 312 4496 uum,
335 4410 494 4483 sormam
520 4409 659 4485 habens
681 4415 910 4507 quadratam.
989 4405 1182 4486 Columnae
1207 4411 1356 4508 singulae
1383 4410 1556 4506 inopere
1581 4411 1674 4507 ipso,
1700 4414 1815 4511 quot·

198 4520 288 4604 quot
308 4507 522 4595 numeravi,
554 4507 672 4587 lineas
691 4509 880 4608 impressas
903 4508 1191 4606 complectuntur
1215 4533 1275 4606 43.
1353 4509 1490 4586 'sotum
1514 4531 1604 4586 vero
1635 4507 1815 4586 volumen

1672 4628 1759 4680 cum
