3892 5182
150 340 233 429 asa
790 294 1118 417 Aba

145 535 218 593 nus
242 510 329 587 alba
352 510 391 593 dt
415 506 564 589 inunda.
638 505 822 603 chartarii
850 452 989 605 signum
1016 506 1049 581 sr
1097 499 1301 581 nentiffime
1334 520 1551 609 murrens-
1569 492 1621 571 est

147 612 278 696 bovis,
302 608 412 709 cujus
441 610 538 685 inter
563 605 821 684 cornua-stilus
838 606 991 704 exurgit
1015 607 1056 681 in
1107 603 1219 681 ellani
1239 596 1417 677 desinens.
1463 596 1650 693 Pagrua'q

150 714 295 810 integra
317 707 436 787 lineas
457 704 644 806 impressas
663 730 709 805 35
733 705 917 781 eontinet.
934 725 1086 1059 jv
1100 732 1193 865 χω

716 967 918 1061 cLAs
986 968 1049 1059 lS
1106 966 1210 1059 ill.

146 1168 306 1239 aranos
325 1162 678 1241 contracturus.
699 1163 893 1251 ouoauu
927 1164 1071 1235 nicus
1108 1158 1515 1234 autumabamus
1534 1110 1650 1231 suad

222 1272 319 1329 PHUS
334 1270 417 1329 AUT
435 1266 645 1324 INCOGMTI
663 1266 756 1323 Mlffl
773 1267 894 1338 SUNT,
923 1270 1006 1327 AUT
1021 1267 1146 1323 MINUS
1160 1265 1293 1323 CERTI·
1331 1262 1530 1325 ADFRRAM
1552 1260 1650 1321 'rm

452 1364 552 1425 nuuc
573 1363 677 1427 ruuu
691 1362 750 1421 nu
774 1365 1186 1447 murrcoujuc'roaas
1209 1360 1460 1421 auoaaamas.
1613 1406 1616 1413 .
1647 1362 1650 1369 ·

146 1586 332 1687 CXXV.
370 1584 624 1681 Psuiterium·
640 1587 821 1677 latinum
854 1614 955 1677 curn
988 1584 1185 1678 canticis
1211 1582 1543 1675 Ecclesiasticis.
1570 1515 1633 1673 'in

311 1812 397 1891 noc
421 1811 635 1890 psalterium
654 1792 790 1893 linens
812 1812 1031 1901 mutan,
1055 1810 1117 1891 aa
1137 1810 1247 1909 range
1270 1810 1496 1901 minoratus,
1524 1835 1568 1889 aa
1589 1812 1650 1909 nn

146 1908 272 1988 diense
293 1908 340 1993 N.
357 1912 486 1987 CXlll.
516 1910 750 2001 recensitum,
777 1908 984 2013 impressum
1002 1911 1064 1989 eli.
1113 1912 1247 2009 Incipit
1270 1911 1343 1989 sine
1365 1911 1441 1988 ullo
1465 1909 1597 1999 titulo,
1621 1932 1650 1987 au

146 2008 343 2105 scriptione
365 2032 387 2083 a
407 2009 546 2089 Psalmo
568 2010 699 2108 primo.
751 2010 830 2087 Nec
851 2010 1003 2108 reliquis
1024 2010 1137 2086 etiam
1160 2006 1331 2098 Psalmis,
1357 2010 1561 2086 canticisuc
1575 2006 1650 2183 ¹fiet

144 2106 307 2183 Cantico
328 2108 536 2195 Simeonis,
566 2109 664 2205 quod
687 2107 958 2205 inscriptionem
982 2109 1112 2183 habet:
1153 2107 1293 2183 Cantici
1308 2106 1490 2207 symeonis)
1512 2128 1589 2204 prae
1618 2106 1650 2183 xi

151 2204 262 2283 tituli.
318 2204 454 2280 Desunt
477 2206 638 2282 initiales
663 2205 798 2283 litterae
830 2220 904 2281 tarn
937 2206 1181 2291 Psalmorum,
1209 2231 1320 2303 quam
1341 2206 1509 2281 versuum
1532 2204 1647 2303 singul

23 2372 26 2378 ,
150 2302 303 2397 Pagiuae
319 2306 492 2390 numeris,
509 2304 812 2400 inscriptionibus,
830 2303 1037 2401 signaturis,
1050 2304 1260 2381 custodibus
1278 2320 1416 2380 carent
1451 2303 1650 2401 Illarumqi

148 2400 297 2497 integra
310 2400 425 2477 lineas
441 2402 694 2498 complesiitur
735 2402 853 2499 iginta
883 2423 1037 2495 nouem;
1064 2402 1231 2493 nonnisi
1259 2426 1332 2478 una
1352 2403 1516 2478 alterave
1540 2399 1650 2478 vice.

150 2512 192 2577 ta
207 2516 299 2573 itum
322 2515 367 2583 28
396 2500 629 2594 deprehendi.
721 2522 802 2596 aepe
822 2514 947 2575 manen
990 2500 1088 2577 inter
1115 2497 1279 2578 Psalmos
1305 2499 1457 2598 spatium
1480 2520 1639 2576 vacuum

149 2596 264 2681 uitur,
290 2597 532 2693 quoduam,
566 2597 677 2683 duas,
696 2610 821 2673 tresve
838 2612 987 2693 caperet
1000 2597 1119 2673 lineas
1133 2596 1332 2694 impressas.
1384 2598 1574 2694 Integrum
1591 2594 1650 2673 ud

152 2692 341 2787 sexaginta
364 2707 520 2787 quatuor
552 2692 651 2766 foliis
682 2690 856 2789 imprelsrs
893 2694 1043 2770 coriliat.
1127 2694 1167 2771 ln
1198 2694 1271 2770 fine
1290 2694 1376 2771 haec
1402 2707 1546 2771 tantum
1573 2692 1650 2793 lagu

155 2787 250 2867 Finit
265 2791 443 2885 fhasscster.
487 2790 643 2876 Charta,
660 2792 719 2867 cui
735 2790 941 2886 impressum
954 2791 1022 2877 eil,
1036 2792 1141 2867 mirae
1155 2792 1205 2867 est
1221 2793 1413 2869 albedinis.
1455 2792 1650 2890 Exemplar

151 2910 226 2983 que
249 2888 409 2963 nostrum
429 2890 569 2986 optime
591 2888 843 2965 conservatum
868 2889 917 2963 est
966 2904 1077 2986 atque
1097 2890 1300 2966 initialibus
1325 2892 1461 2967 litteris
1489 2891 1632 2987 partim.

153 2986 240 3069 leis,
269 2988 404 3085 partim
429 2989 548 3061 rubris
573 3010 594 3061 a
620 2989 816 3063 miniatore
840 3002 1022 3063 ornatum.
1075 2989 1183 3065 Patet
1210 3013 1258 3064 ex
1279 2988 1520 3085 descriptione
1540 3012 1563 3065 a
1585 3010 1649 3065 me

149 3087 283 3159 aliaue
303 3083 427 3162 saltem
456 3084 575 3161 saeculi
597 3084 679 3161 XV.
705 3086 883 3163 decennio
914 3088 985 3161 lroc
1008 3084 1222 3163 Psalterium
1245 3086 1347 3162 fuisse
1375 3089 1476 3185 typis
1502 3086 1650 3186 improli

158 3308 382 3517 omli
402 3304 584 3509 forcipis
618 3300 837 3425 psalteriis
871 3304 1001 3395 iuxta
1039 3302 1127 3423 osli
1164 3296 1276 3398 osma·
1313 3306 1448 3397 rccs’ia
1465 3334 1469 3341 ’
1486 3304 1648 3431 Ratssp

270 3452 336 3515 m·
384 3452 444 3510 0.
1621 3458 1624 3463 '

323 3617 418 3695 Haec
443 3618 481 3693 in
504 3618 626 3696 fronte
657 3620 829 3715 leguntur
852 3619 983 3717 primae
1008 3621 1119 3718 primi
1144 3621 1224 3697 folii
1247 3620 1393 3717 paginae
1415 3621 1622 3700 cbaradere
1642 3648 1650 3701 1

111 3750 116 3761 ·
158 3741 314 3833 ariagne,
336 3713 396 3792 sed
410 3717 533 3789 minus
546 3718 690 3814 pingui,
717 3739 761 3791 ac
775 3716 825 3831 eli
839 3718 1197 3833 charatierPsalterii
1213 3718 1520 3833 lngolstadienss,
1537 3720 1650 3815 (N.C

159 3812 1070 4021 satiastis.fltsststtmatlmis
1094 3816 1396 3991 dissilit
1422 3819 1650 4021 sititis}

161 4010 313 4093 Psalmis
332 4008 476 4106 praefixi
499 4009 581 4091 sunt
602 4009 765 4096 numeri,
787 4009 1001 4089 &canticis
1026 4013 1108 4088 aliis
1129 4014 1278 4088 nomina
1305 4014 1513 4101 ausinrum,
1551 4040 1583 4093 e.
1607 4040 1645 4117 g.

161 4112 228 4185 licii
250 4108 357 4281 ystrie,
388 4104 473 4184 Coa.
496 4106 608 4183 Anne.
674 4106 812 4184 Desunt
842 4109 1004 4187 initiales
1036 4112 1170 4188 litterae
1198 4138 1271 4187 non
1295 4116 1405 4187 modo
1435 4112 1650 4193 Psalmorur'r

161 4208 381 4305 linguarum
406 4207 520 4283 etiam
561 4206 747 4291 uersuum,
785 4210 1095 4303 quemadmodum
1136 4212 1248 4285 etiam
1280 4210 1467 4295 custodes,
1498 4212 1538 4290 lic
1563 4210 1650 4311 signa

161 4306 202 4381 ln
229 4303 395 4401 margine
417 4302 590 4400 superiori
612 4306 743 4405 primae
767 4304 931 4402 cujusvis
953 4309 1033 4382 solii
1057 4310 1202 4405 paginae
1225 4308 1305 4383 solii
1327 4332 1503 4385 numerus
1533 4334 1650 4389 aomar

159 4404 366 4479 charasiere
389 4400 589 4499 impressus.
639 4403 804 4483 Primum
819 4427 907 4479 vero
920 4405 1049 4480 folium
1066 4430 1220 4480 numero
1241 4420 1353 4482 caret.
1392 4408 1549 4484 Constat
1563 4421 1650 4487 totu

162 4503 285 4579 lumen
305 4500 406 4579 foliis
427 4497 601 4595 impressis
622 4501 823 4595 nonaginta
845 4500 936 4577 osio.
989 4502 1139 4615 Paginae
1165 4503 1314 4599 singulae
1335 4506 1451 4581 lineas
1475 4506 1650 4605 impressas

161 4601 283 4677 tinent
305 4597 439 4693 uiginti
462 4598 567 4673 duas.
618 4596 792 4674 Meminit
825 4595 935 4693 hujus
966 4600 1141 4677 editionis
1182 4603 1237 4677 Cl.
1272 4602 1471 4681 Gemeiner
1495 4611 1531 4679 in
1554 4606 1650 4703 mnu
