3922 5176
190 500 269 554 aum
290 468 339 545 ad
359 462 503 545 rationes
519 460 729 559 monasticas,
755 458 977 535 terminatus
1000 457 1127 536 foliob
1152 458 1249 535 resto
1265 456 1438 535 ternianis
1456 483 1488 534 e.
1514 459 1574 533 ubi
1595 458 1708 537 etiam
1729 458 1810 535 sub·

27 568 32 575 ’
188 568 386 668 scriptionis
410 566 495 641 loco
516 562 650 657 legitur
671 557 858 653 Regislrum
881 558 1109 643 chartarum,
1137 557 1175 636 dt
1195 580 1269 633 vox
1290 556 1402 632 Finis.
1463 557 1603 641 Editio,
1630 573 1671 633 ut
1690 556 1807 653 ipsum

191 666 417 767 opusculum,
440 660 580 758 prorsus
602 657 748 733 uidetur
766 654 968 751 incognita.
1019 656 1081 731 Est
1105 657 1201 732 enim
1219 654 1395 731 diuersum
1410 654 1456 731 ab
1476 678 1585 753 opere
1605 654 1730 733 similis
1748 678 1807 733 ar·

187 765 371 869 gumenti,
396 752 694 859 cuiusaustoreli
704 752 880 833 Eusebius
890 754 1096 845 Corradus,
1120 756 1213 831 Can.
1222 754 1315 852 Reg.
1327 755 1426 853 apud
1437 751 1545 829 Deae's
1545 752 1662 855 suppl.
1673 776 1710 855 p.
1721 778 1805 853 sup.

788 932 998 1099 ANNQ
1045 964 1199 1061 1488.

184 1256 243 1340 a.
270 1253 309 1334 r.
338 1142 1697 1359 tellt‘ltallltll'ellllre'l'tlllltlllistittl'ttt:
1724 1144 1807 1322 a'l:

183 1360 275 1439 riam
297 1350 499 1429 Aureolum
525 1346 767 1425 Vicentmnm.
828 1342 997 1419 Clraralt.¹
1017 1338 1176 1419 Roman.
1194 1356 1272 1421 tam
1292 1347 1330 1419 in
1353 1357 1476 1427 textu,
1502 1365 1611 1455 quem
1635 1347 1677 1418 in
1700 1366 1806 1457 enar.

182 1454 404 1535 rationibus,
429 1471 516 1523 cum
534 1445 659 1543 ignat.
684 1440 760 1517 liae
785 1440 920 1515 culiod.
943 1440 982 1517 dt
1005 1464 1106 1516 num.
1129 1442 1203 1517 loll.
1268 1440 1329 1517 Ad
1350 1442 1487 1518 calcem
1511 1464 1640 1538 pnmae
1658 1464 1806 1538 pagmae

182 1554 259 1633 solii
282 1556 317 1623 6.
337 1546 512 1623 temionis
542 1565 589 1619 a:
623 1536 815 1639 Impeeffltm
840 1536 1012 1615 'tricenna
1038 1564 1099 1633 per
1129 1540 1298 1615 luaeicum
1317 1539 1489 1637 despatio
1509 1541 1610 1640 uesta.
1656 1539 1719 1616 M.
1735 1564 1804 1617 eece

184 1648 352 1734 [mxxviii.
374 1644 440 1721 die.
458 1643 544 1716 viiii.
568 1638 668 1737 meas.
690 1639 784 1712 iunii.
837 1636 1006 1711 Meminit
1023 1637 1146 1712 Haree.
1171 1660 1253 1734 pag.
1273 1664 1354 1733 ιρι),

345 1767 378 1817 a.
404 1741 502 1815 Libri
520 1750 676 1833 quatuor
693 1736 739 1809 de
758 1733 964 1809 Imitatione
985 1734 1063 1833 Jelu
1085 1735 1229 1823 Christi,
1255 1738 1316 1834 qui
1342 1737 1380 1811 in
1401 1736 1470 1813 hac
1493 1736 1657 1812 editione
1672 1738 1797 1837 joban-

184 1847 223 1923 ni
248 1838 385 1919 Gerlon
411 1838 637 1914 Cancellario
656 1830 838 1931 Parisrensp
859 1831 1112 1925 adscribuntur.
1136 1834 1175 1909 in
1198 1856 1232 1927 4.
1286 1837 1455 1910 Praeeunt
1479 1834 1604 1909 liubula
1627 1838 1802 1934 capitulas

179 1934 513 2035 ilibeorsequiater.
586 1930 753 2007 Charait.
781 1930 886 2022 goth.
911 1928 1140 2027 cumfignat.
1165 1924 1237 2007 lane
1261 1932 1395 2009 custod.
1415 1934 1452 2010 &
1474 1957 1574 2008 uum.
1602 1934 1684 2009 loll.
1762 1934 1802 2010 la

181 2042 250 2121 coi.
271 2066 306 2135 3.
327 2036 405 2112 solii
431 2060 466 2130 3.
504 2032 683 2115 ternionis
704 2029 733 2119 f²
771 2028 930 2126 Explicit
955 2024 1041 2103 liber
1106 2043 1201 2105 artus
1225 2072 1264 2087 -
1289 2026 1444 2133 Joleeiais
1478 2030 1598 2131 gerlai
1629 2031 1805 2107 cacaliae&

176 2128 859 2329 ess
1224 2126 1806 2305 tr

175 2264 275 2415 ionis
291 2332 464 2407 trattatus
482 2326 530 2401 de
554 2325 795 2403 meditatione
818 2320 960 2410 cordis,
982 2322 1082 2399 soliis
1102 2324 1244 2403 duobus
1270 2325 1311 2401 dr
1333 2327 1486 2401 dimidio
1505 2326 1803 2421 comprehensae.

176 2432 240 2512 Ad
263 2432 421 2507 calcem:
446 2423 607 2523 Explicit
627 2420 711 2499 liber
728 2423 771 2497 de
792 2421 1123 2497 meditatae-corais.
1149 2425 1255 2499 Conf.
1281 2422 1402 2497 Brona
1421 2447 1502 2522 pag.
1524 2430 1602 2498 ror.
1655 2426 1698 2501 ln
1722 2426 1804 2501 edi.

176 2533 278 2609 tione
301 2550 454 2625 operum
473 2521 644 2601 Gersonis
659 2521 798 2607 ‚eodem
817 2542 916 2594 anno
930 2518 1021 2595 sosia
1043 2522 1083 2611 lri
1106 2536 1262 2621 quatuor
1283 2522 1366 2598 iibri
1390 2522 1436 2597 de
1457 2523 1668 2597 imitatione
1678 2524 1712 2623 J.
1729 2524 1801 2601 Cla.

178 2628 350 2707 Gersonis
368 2648 444 2701 noa
465 2621 555 2709 elle,
580 2620 651 2696 led.
666 2618 858 2717 eujusdam
873 2618 1053 2695 canonici·
1064 2620 1258 2715 Regularis
1280 2620 1433 2697 situnne
1452 2622 1498 2696 de
1518 2619 1668 2721 Kempis
1687 2622 1803 2701 nimi·

175 2752 280 2815 rum,
308 2722 581 2801 eltedicuntur.
633 2716 736 2819 Coris.
757 2712 853 2793 rure.
872 2714 929 2791 iss.
953 2736 999 2813 pa
1027 2772 1037 2789 .
1065 2734 1143 2803 118·
1166 2717 1259 2815 seqq.
1418 2766 1428 2785 .

336 2846 370 2917 3.
399 2806 573 2895 Sermoms
585 2800 695 2913 suilli
722 2812 953 2889 macerulae
972 2738 1135 2891 'litlebtia
1155 2816 1286 2907 srateir
1305 2816 1381 2893 eliui
1395 2814 1526 2890 aediait
1547 2816 1792 2915 predicatorum

164 2920 267 3023 fircre
288 2914 451 3015 theologie
477 2912 673 3015 professoris
699 2912 817 2987 eximii
840 2910 889 2985 ele·
919 2922 1066 3009 tempore
1087 2912 1258 3012 lbpeeaali.
1288 2956 1328 2975 -
1400 2918 1597 2991 Sermones
1626 2914 1798 3011 eiusdem

172 3022 221 3097 de
243 3016 393 3095 Sanliis.
418 3014 457 3091 in
482 3012 557 3089 1⁷01.
585 3012 678 3087 Vols.
701 3036 736 3089 2.
808 3008 972 3087 Charald.
995 3013 1199 3103 gotiacum
1223 3014 1347 3111 signat.
1369 3012 1441 3088 line
1463 3013 1601 3089 custost.
1629 3014 1670 3091 δι
1695 3038 1798 3091 num.

171 3118 248 3197 soll.
300 3114 361 3193 Ad
384 3113 521 3188 calcem
529 3112 659 3309 furtis
684 3108 882 3211 hyemalis:
914 3106 1107 3184 Umeroaeli
1134 3116 1245 3208 petris
1279 3154 1317 3165 ·-
1351 3111 1517 3210 sermones
1547 3111 1718 3209 hyemales
1745 3152 1797 3169 -

170 3222 207 3295 ia
229 3216 355 3313 inclyto
376 3210 510 3309 Bastlea
553 3211 698 3283 olieite’us
722 3204 894 3282 emmdiati.
923 3230 964 3280 ae
993 3231 1018 3303 p
1047 3207 1227 3283 Nicolaum
1251 3208 1375 3293 Keller·
1403 3254 1443 3267 ·—
1474 3213 1632 3311 impreffi:
1651 3213 1796 3309 fimena

169 3312 277 3395 Anao
303 3356 343 3367 --
371 3308 425 3383 M.
447 3334 528 3382 cccc.
543 3330 653 3407 prope
666 3306 772 3401 finem
791 3305 995 3402 olluagefiaii
1016 3304 1131 3381 allaui.
1159 3312 1232 3405 xvj.
1255 3309 1407 3381 videlicet
1430 3308 1590 3382 laleadas
1604 3312 1700 3407 miss
1715 3304 1796 3415 Ja-

168 3414 293 3508 aaarij.
345 3408 440 3482 Cum
462 3406 585 3481 tabula
611 3404 837 3501 alphabetici
861 3404 1107 3479 materiarum
1157 3404 1217 3483 lid
1244 3408 1380 3481 calcem
1400 3406 1600 3482 sermonum
1630 3410 1680 3484 de
1702 3414 1797 3486 San·

170 3514 237 3587 liis
262 3506 337 3606 poli
360 3506 593 3599 Typogruplri
624 3502 795 3597 inligaia:
828 3500 1001 3577 Sermones
1038 3542 1080 3557 -
1128 3500 1257 3577 Trium
1267 3506 1343 3597 sele
1359 3507 1520 3602 ¹partium
1547 3506 1792 3583 uoluminibus:

166 3606 326 3707 Hyreaoli
348 3604 499 3675 uidelicet
526 3600 668 3699 Essiuali
690 3597 709 3697 (
719 3600 816 3695 quod
840 3602 937 3698 apud
963 3624 1032 3675 nos
1051 3600 1300 3702 defideratur)
1322 3614 1354 3676 el
1376 3602 1418 3676 de
1432 3602 1559 3701 saalir's
1583 3644 1631 3659 -—
1656 3616 1792 3681 meroes

166 3705 318 3783 imoeass
343 3700 482 3775 Nicolai
503 3698 692 3798 Iseslers-
705 3698 846 3794 finiunt.
896 3696 1061 3771 Aenu-
1085 3703 1155 3797 pasl
1170 3702 1371 3799 millestmam
1393 3714 1569 3797 quaterque
1587 3707 1790 3791 ceatefimun
1835 3728 1838 3735 ·

166 3802 379 3901 ulluagefiaro
403 3798 526 3872 oliauo.
588 3796 759 3874 Sedecimo
779 3796 835 3887 pl'o
858 3794 1033 3871 Kalendas
1054 3792 1238 3901 tJoauorii.
1281 3862 1287 3873 ,
1313 3798 1402 3874 Pars
1430 3800 1610 3897 hyemalis
1639 3796 1715 3879 losa
1736 3828 1790 3879 re·

166 3904 332 3981 censetur
354 3898 393 3973 in
416 3896 561 3999 Neocell.
585 3918 620 3995 p.
650 3914 732 3991 103.
810 3892 984 3971 omium
1013 3898 1125 3971 trium
1148 3895 1375 3973 uoluminum
1405 3898 1576 3973 meminit
1610 3898 1788 3981 Deaisia

163 4001 336 4103 ¹supplem.
362 4020 444 4095 pag.
472 4001 555 4086 aab.
895 3996 921 4043 ⁵²
1053 3998 1083 4015 ”
1127 4078 1139 4093 ,-

324 4121 358 4194 4.
384 4092 537 4169 Roberti
566 4089 768 4168 Caraccioli
793 4090 841 4197 dp
863 4090 965 4167 Licin
993 4092 1080 4169 Oret.
1114 4094 1199 4171 min
1233 4094 1431 4171 Sermones
1451 4095 1790 4193 Quadragelimales

163 4198 211 4289 de
233 4188 469 4297 peccatis.'inj
487 4220 523 4285 4.
574 4190 742 4268 Clraralt.
764 4190 867 4283 goni.
887 4192 1055 4267 minutiis.
1081 4212 1165 4267 cum
1188 4192 1314 4287 ignat.
1333 4194 1372 4269 de
1388 4216 1488 4268 num.
1512 4196 1587 4270 foll.
1622 4196 1697 4275 ime
1722 4222 1785 4276 cu·

162 4294 255 4371 stad.
279 4314 283 4325 ·
307 4294 347 4367 ln
374 4290 444 4366 coi.
477 4312 514 4383 4
544 4288 617 4362 lolii
657 4292 737 4373 186.
764 4284 1236 4387 Explicit'·quaeleagestmale
1266 4290 1311 4364 de'
1330 4294 1471 4387 peccatis
1503 4334 1550 4347 --
1581 4295 1785 4401 psaitumefl

161 4390 182 4491 (
191 4394 237 4465 ab
261 4386 435 4487 austore)
459 4409 547 4460 aaao
567 4384 696 4459 domiai
722 4401 829 4556 1482.
850 4385 905 4456 die
921 4388 964 4477 os
979 4390 1092 4483 mmfis
1108 4386 1256 4464 'boebeis
1279 4389 1363 4464 lora
1383 4389 1577 4489 vespertina.
1644 4392 1699 4469 Et
1719 4398 1785 4473 iaa-

154 4484 300 4587 peresam
329 4486 477 4562 Umetiis
494 4508 557 4579 per
575 4482 751 4557 Andreem
797 4508 815 4556 e
839 4479 1073 4585 Toreflaaiede
1095 4485 1227 4585 Asula:
1250 4487 1631 4577 Aaaodsi1438.aelie
1657 4518 1691 4580 ς.
1713 4494 1780 4573 lul.

159 4580 311 4664 otiobrir.
378 4578 580 4671 Accedunt
600 4581 820 4682 epistolem
842 4578 1049 4683 tanmem
1065 4585 1320 4684 demuma
1344 4588 1581 4673 cadratam
1595 4592 1785 4673 dedimto·
