3892 5182
818 327 1140 450 ΑΒ
1592 412 1594 416 .
1729 365 1806 459 ur.

168 531 303 627 IVL-
331 529 563 622 Dominici
590 536 645 621 de
669 528 828 620 Sanno
853 531 1115 623 Geminiano
1140 531 1339 624 Letlurae
1354 528 1478 646 super
1498 526 1636 626 Libro
1656 464 1779 631 serto
1925 606 1927 611 ι

298 634 596 848 despetplium.
647 645 853 740 Veneriis
886 646 969 736 Per
997 646 1213 764 Jacobum
1239 647 1295 734 de
1325 645 1489 735 Rubeis
1530 661 1781 769 anu.1476.

162 816 168 823 -
296 790 343 849 ru
416 791 477 846 o.
686 808 691 815 ·
1259 788 1262 793 ·
1662 783 1666 789 ’

260 955 539 1034 commentaria
558 955 639 1032 hae'c
664 957 704 1031 in
717 955 780 1032 Vl.
796 953 979 1033 Decretal.
1005 938 1172 1052 impressa
1198 955 1279 1033 sunt
1298 954 1503 1035 chasatiere
1522 940 1676 1058 'gothico
1699 957 1781 1061 qui·

164 1054 270 1141 dem,
298 1053 358 1168 sed
381 1053 613 1168 pereleganti·
627 1055 666 1168 in
689 1055 829 1129 duabus
845 1053 1028 1166 columnis
1051 1054 1189 1166 chartae
1205 1053 1455 1155 mundissimae.
1507 1057 1549 1171 in
1567 1054 1690 1137 fronte
1704 1065 1781 1158 pri·

160 1153 735 1364 tartanensis
757 1152 949 1362 alins.
963 1149 1504 1349 gqppum
1518 1157 1780 1355 ternu
1917 1320 1920 1325 ,

160 1345 288 1423 dommi
305 1346 479 1422 Domsmcr
501 1344 665 1444 ri'suntio
698 1343 885 1421 Gnninrdo.
937 1343 1081 1421 Leiiuru
1098 1349 1213 1444 primu
1227 1347 1333 1447 snper
1336 1338 1438 1446 sexto
1451 1348 1541 1426 libro
1552 1351 1682 1428 dendo
1697 1356 1776 1433 ium.
1880 1366 1883 1371 ’

160 1446 327 1522 Litteras
350 1444 511 1519 initiales
563 1466 671 1519 arvas
695 1442 767 1539 ipse
791 1444 1044 1540 typographus
1069 1443 1216 1542 adjecit.
1278 1445 1457 1523 Custodes
1480 1471 1588 1538 vero,
1614 1451 1654 1528 dc
1674 1455 1778 1550 pagi·

129 1566 292 1629 ,uarum
316 1544 472 1656 numeri·
486 1468 623 1617 desrnt.
686 1539 859 1616 Fasciculi
886 1540 1115 1637 plagularum
1135 1541 1331 1618 universim
1353 1543 1433 1620 sunt
1484 1573 1526 1634 0,
1551 1545 1679 1643 fignatl
1693 1574 1726 1626 a.
1742 1542 1776 1627 li.
1881 1601 1884 1605 ·

138 1724 141 1731 ,
161 1665 190 1717 c.
208 1642 246 1716 d.
266 1641 393 1736 e.f.g.
412 1640 445 1714 h.
462 1663 486 1714 1.
503 1641 538 1714 k.
555 1639 579 1715 l.
595 1663 645 1714 m.
661 1664 697 1713 n.
715 1663 748 1712 o.
763 1661 797 1736 p.
816 1662 849 1734 q.
867 1636 937 1748 fsss·
953 1652 981 1713 t.
999 1663 1035 1714 u.
1052 1664 1088 1714 x.
1109 1662 1146 1737 y.
1168 1663 1201 1716 z.
1228 1666 1259 1718 2.
1276 1661 1304 1718 r.
1345 1572 1574 1720 mansues.
1595 1646 1776 1725 dd.ee.ff.

162 1763 216 1836 gg.
232 1763 293 1835 gg.
313 1738 375 1849 hin
390 1737 427 1811 ii.
445 1739 505 1812 kk.
522 1737 558 1812 ll.
576 1760 663 1813 mm.
687 1759 816 1810 omnes
839 1736 919 1811 sunt
943 1737 1111 1832 quaterni
1133 1746 1270 1833 praeter
1285 1763 1307 1812 u
1322 1667 1554 1834 ⁴senternum3
1582 1739 1687 1840 cujus
1701 1746 1777 1844 pri·
1894 1768 1897 1773 ·
1925 1804 1936 1819 ..

160 1860 260 1913 mum
281 1836 416 1911 solium
437 1857 594 1910 vacuum
618 1833 669 1909 est
695 1830 727 1907 b‘.
743 1833 780 1910 dt
795 1860 824 1908 c.
849 1834 1086 1931 quintemos‚
1113 1849 1224 1930 atque
1233 1834 1277 1932 ff.
1298 1837 1374 1934 &g
1400 1893 1408 1911 .
1434 1834 1532 1950 (hoc
1548 1842 1697 1936 quidem
1712 1843 1777 1919 ubi

163 1937 278 2033 prima
304 1935 387 2008 vice
415 1929 603 2047 occurrit)
625 1946 763 2007 ternos,
815 1928 877 2007 Ad
897 1932 1036 2006 calcem
1055 1933 1177 2028 operis
1201 1861 1416 2030 imprellaie
1442 1949 1516 2010 rtur
1536 1937 1687 2034 sequens
1708 1965 1778 2015 no·
1932 1966 1935 1971 ·

167 2035 262 2107 titia:
289 2029 429 2105 Finitus
454 2027 507 2103 iric
525 2053 639 2127 primu
667 2052 749 2123 purs
773 2028 889 2104 indura
921 2028 1195 2129 Excellentiffimi
1211 2033 1303 2127 juris
1323 1960 1473 2128 utriusqg
1498 2036 1688 2133 interpretis
1713 2036 1775 2112 do»

173 2136 243 2211 ruini
260 2135 433 2210 Dominici
453 2131 495 2208 de
506 2133 622 2231 norro
645 2130 843 2223 Geminiunq
857 2134 902 2232 su
945 2133 1045 2232 sexto
1066 2133 1154 2210 libro
1175 2133 1387 2209 drcrtulium:
1414 2132 1434 2236 (
1444 2131 1516 2236 fic)
1548 2137 1673 2241 Imfifflu
1708 2145 1776 2221 Ue-

180 2235 262 2306 urtiis
275 2258 332 2321 per
360 2233 552 2330 magistrum
571 2227 745 2337 Juuobunr
760 2155 941 2326 deaniegir
965 2232 1149 2329 gallicum:
1175 2230 1273 2330 sunjus
1299 2233 1384 2304 artis
1397 2235 1642 2337 pesitifflmnns:
1668 2239 1776 2315 Anno

191 2327 239 2505 tl}
253 2327 372 2406 CCCC.
389 2322 574 2408 LXXVI.
611 2339 732 2428 quarto
768 2327 855 2404 Idus
887 2328 1092 2427 Septembres
1125 2327 1269 2407 Andria
1302 2326 1518 2405 uendrumino
1546 2330 1672 2434 inclyto
1694 2336 1779 2415 surr

217 2431 391 2505 amarum.

171 2636 375 2735 rvris
414 2642 599 2733 Thomae
620 2641 858 2760 Aquinatis
888 2641 1063 2733 tertium
1085 2637 1314 2760 seriptum,
1342 2616 1419 2732 seu
1433 2649 1774 2741 commentarius
1809 2666 1812 2671 ’
1902 2633 1908 2639 ³

275 2760 320 2847 in
346 2762 523 2849 tertium
544 2761 700 2848 librum
733 2758 1037 2846 sententiarum
1061 2757 1173 2847 Petri
1196 2760 1450 2854 Lombardi.
1472 2762 1674 2853 Coloniae
1696 2791 1775 2879 per

274 2872 518 2987 Johannem
539 2869 733 2962 lielhoff
747 2871 1048 2964 Lubecenl'em
1077 2902 1189 3002 auno
1221 2872 1343 2988 1476.
1359 2875 1410 2962 -in
1434 2871 1474 2962 F
1478 2878 1536 2962 ol.
1572 2876 1678 2972 min.
1754 2917 1760 2937 =

149 3064 159 3077 '
250 3064 410 3155 *Tertium
422 3067 577 3166 scriptu3
591 3063 679 3168 solii
707 3064 827 3142 Diome
852 3064 892 3139 dr
914 3064 1054 3162 Aquino
1084 3065 1232 3165 doiioris
1244 3065 1371 3143 eximii.
1419 3064 1493 3143 Hic
1515 3066 1611 3165 quasi
1626 3066 1773 3158 titulus
1885 3069 1897 3133 ἒ
1929 3115 1936 3123 -

153 3163 367 3243 'charaitere
388 3167 539 3264 gothico
561 3164 759 3262 majusculo
786 3163 993 3260 impressus,
1035 3165 1074 3237 in
1102 3162 1224 3239 fronte
1247 3165 1378 3261 primae
1402 3166 1602 3253 columnae,
1639 3170 1774 3263 primae

152 3264 288 3340 itidem
303 3264 448 3360 paginae
473 3263 650 3362 impressae
674 3262 820 3358 legitur.
871 3259 1107 3336 Charaiteres
1130 3260 1211 3337 sunt
1237 3262 1390 3357 gothici,
1441 3263 1772 3350 chanamaeis,

155 3360 193 3439 dt
216 3359 325 3436 farma
350 3363 561 3437 admodum.
612 3360 776 3435 Initiales
803 3360 959 3443 litterae,
984 3358 1023 3435 &
1047 3359 1263 3454 paginarum
1285 3359 1428 3432 numeri
1449 3356 1587 3431 desunt.
1637 3358 1773 3452 Plagu-
1904 3390 1906 3395 ·

123 3536 128 3542 ,
154 3458 276 3535 mum
298 3459 459 3535 fasciculi
487 3459 745 3565 septemdecim
771 3459 913 3554 priores
938 3454 1068 3551 signati
1096 3455 1177 3531 sunt
1201 3457 1337 3531 litteris
1356 3478 1388 3529 a.
1404 3455 1438 3530 b.
1458 3477 1489 3529 c.
1504 3453 1588 3530 de.
1602 3453 1630 3530 f.
1644 3478 1679 3550 g.
1694 3456 1730 3529 h.
1747 3457 1773 3532 i.

153 3557 230 3633 lcl.
243 3580 294 3631 m.
311 3582 346 3630 n.
363 3582 397 3631 o.
413 3581 446 3652 p.
462 3579 498 3653 q.
516 3580 545 3632 r.
598 3556 648 3630 Et
665 3555 702 3628 hi
719 3555 868 3650 quidem
884 3576 1013 3627 omnes
1028 3553 1108 3627 sunt
1122 3553 1301 3648 quaterni.
1348 3553 1498 3648 Reliqui
1517 3574 1650 3628 omnes
1668 3550 1772 3629 iasci-

153 3656 229 3731 culi
249 3654 338 3730 inde
358 3653 616 3729 adistinitio'ne
630 3652 711 3727 XV.
735 3650 919 3747 usquead
941 3648 1161 3745 finem„qui
1176 3665 1318 3745 partem
1339 3648 1539 3728 voluminis
1561 3649 1670 3746 longe
1693 3675 1772 3727 ma·

152 3748 277 3851 jurem
300 3749 483 3838 efficiunt,'
503 3748 696 3846 signaturis
720 3762 858 3824 carent.
909 3744 1066 3823 atvero
1085 3748 1148 3823 ubi
1171 3745 1563 3845 desinuntsrgnaturae,
1583 3749 1774 3847 'incipiunt
1887 3838 1889 3843 .

156 3848 346 3934 custodes}
367 3850 434 3944 ¹qui
456 3861 580 3923 tamen
607 3848 646 3921 in
669 3861 799 3942 quarta
819 3845 933 3920 solum
954 3844 1118 3942 cujusvis
1144 3847 1288 3942 paginae
1304 3845 1491 3929 columna,
1519 3843 1558 3920 δι
1577 3864 1624 3919 ne
1648 3845 1686 3918 in
1701 3847 1771 3921 hac

153 3946 468 4045 quidemsemper
492 3957 700 4020 occurrunt.
754 3941 816 4018 Ad
839 3943 979 4018 calcem
996 3941 1118 4038 operis
1141 3946 1221 4016 haec
1237 3941 1409 4038 leguntur
1425 3939 1612 4035 impressa:
1639 3938 1704 4016 Ex
1727 3943 1771 4016 li·
1932 4027 1935 4033 g

157 4048 202 4119 sit
227 4038 355 4118 tersius}
368 4043 484 4121 Sentii
508 4040 629 4118 Tirone
651 4039 694 4114 dn
708 4039 847 4136 Aquino
869 4035 998 4113 ordinis
1011 4040 1133 4135 frutrri
1156 4032 1346 4136 pdicutmu.
1364 4062 1427 4134 ‘prr
1449 4060 1499 4109 nse
1512 4034 1647 4140 ffoss’enr
1703 4038 1771 4113 ors·

158 4140 238 4240 inoff
250 4140 292 4215 de
316 4139 447 4217 Lubrci
470 4140 606 4215 cosons'ae
628 4141 731 4212 ciuem
758 4134 863 4211 Anno
879 4135 939 4210 dni
963 4145 1093 4222 18A6.
1107 4133 1272 4235 (1476.)
1321 4135 1365 4209 iu
1387 4132 1512 4209 aversa
1531 4138 1665 4232 pagina
1679 4137 1770 4210 inci·

158 4243 266 4339 piunt
301 4237 405 4314 Tituli
419 4238 523 4337 super
544 4258 597 4334 3m
622 4232 694 4334 lib4
708 4233 915 4334 sententiu4,
942 4235 1003 4330 qui
1022 4234 1062 4312 dr
1086 4235 1258 4330 paginam
1272 4232 1388 4317 hanc,
1415 4230 1606 4329 &septem
1622 4231 1770 4327 sequen·

159 4339 215 4415 tia
231 4338 321 4413 solia
345 4338 410 4431 vix
432 4361 507 4413 non
525 4336 670 4432 integra
691 4334 857 4431 implent.
917 4331 960 4406 ln
978 4330 1051 4407 sine
1073 4330 1228 4427 legitur:
1255 4327 1459 4431 Expliciuns
1480 4329 1573 4405 tituli
1588 4328 1768 4430 tertiisrn-

161 4433 458 4536 tertiarumsuniii
483 4429 603 4508 lione
626 4432 794 4530 aquinatis
820 4427 950 4508 ordinis
970 4426 1181 4529 predicator„
1233 4520 1236 4527 .
1327 4468 1330 4473 ·

93 4692 98 4797 p
309 4692 326 4721 ι·
920 4698 1152 4797 pq
1392 4652 1741 4801 stssxllllt.
