3892 5182
312 511 370 585 50.
403 464 613 567 llobolulur
628 484 808 588 bipartitus
827 485 868 562 ola
888 484 1023 563 decimis
1047 522 1084 547 ··-
1102 508 1167 585 per
1188 479 1348 563 Coarodrl
1370 478 1581 565 Sameram
1604 481 1645 560 lle
1665 483 1766 565 calo
1813 486 1821 502 '

150 626 184 651 .
216 586 392 682 Tubingae
410 628 445 641 -
474 585 578 665 Anno
593 586 655 661 lai
678 588 727 689 Μ.
744 610 840 665 cccc.
855 583 967 681 xcvii.
981 608 1043 683 per
1056 583 1189 661 rualem
1204 580 1400 680 libatores.
1423 583 1461 666 in
1484 581 1561 666 Fol.
1603 584 1766 667 Charasi,

179 688 256 761 oth.
290 708 373 760 cum
405 683 530 782 fignat.
563 683 602 761 δε
633 707 731 761 num.
763 684 837 761 foll.¹
872 706 1013 763 roman.
1043 680 1116 761 line
1147 681 1279 761 custod.
1344 681 1447 759 Folio
1472 680 1571 761 verso
1591 681 1767 769 XXXIX,

191 782 372 859 rollotolas
385 822 422 839 -
444 779 621 882 impreffas
637 823 676 842 -κ
693 783 728 860 lo
749 822 786 836 —
806 778 988 881 Hagnae
1000 804 1065 879 per
1089 779 1271 856 Henricam
1289 776 1387 857 Gran
1400 779 1488 879 finit
1495 778 1647 879 feliciter
1659 779 1770 879 ¹Anno

145 881 255 982 sarlati
291 883 394 978 aoslre
419 884 492 995 post
522 879 723 979 millefimanr
755 890 915 979 qualerqg
945 878 1135 979 cerlefimug
1166 878 1408 976 nonagesimum
1425 874 1604 984 septimum
1631 878 1687 985 r'plo
1715 877 1771 960 dle

153 980 276 1061 Bririi.
327 975 484 1056 Accedat
506 979 620 1093 indere
643 977 925 1092 conclusmnum,
950 975 1058 1055 Doris
1077 973 1245 1091 ,supplem
1266 997 1348 1079 pag.
1365 996 1451 1145 ‘4³2⁹
1653 1022 1656 1027 ,
1887 1041 1895 1051 .

151 1185 263 1255 ι...
286 1071 1276 1286 lllsl‘sllllb.''sllllbsllllfll‘le
1285 1069 1538 1283 ..salal
1551 1073 1775 1259 ‘Willis

153 1269 379 1447 osbrorllmfis
406 1267 648 1369 problematum
677 1274 702 1345 li
724 1272 757 1346 ri
782 1270 859 1349 duo.
910 1267 1101 1369 Arrstolelir
1129 1266 1387 1345 mrcbomcoram
1414 1264 1498 1343 leber
1527 1293 1623 1347 unus.
1670 1269 1775 1367 Eius·

179 1395 194 1443 e

142 1374 145 1378 ’
196 1396 228 1444 m
259 1366 547 1471 meloplpficorem
578 1366 661 1453 libri
683 1366 940 1466 quatuordecim.
1004 1363 1215 1469 slreoplrrastl
1242 1363 1533 1467 meloplrpstcoram
1557 1362 1643 1448 liber
1674 1392 1771 1449 usur,
1896 1370 1910 1477 J

152 1470 190 1550 in
208 1467 283 1545 Fol.
337 1465 468 1544 Omnia
487 1488 608 1564 graece
630 1490 715 1543 cum
729 1467 963 1543 dedicatione
979 1461 1092 1545 latina
1115 1461 1368 1541 AldilVlanutii
1391 1464 1438 1547 ad
1453 1462 1645 1545 Albermm
1665 1466 1774 1551 Pium

154 1564 360 1663 Principem
383 1564 612 1661 carpensem.
664 1564 759 1641 Cum
779 1562 906 1663 agnat.
930 1562 969 1640 dr
990 1563 1151 1641 numeris
1169 1560 1340 1645 foliorum
1359 1559 1507 1661 (quiin
1525 1559 1574 1644 fin
1626 1561 1673 1639 lia
1688 1586 1777 1667 ope·
1849 1582 1853 1589 '

153 1664 254 1741 ribus
283 1663 329 1738 ab
361 1688 390 1737 1.
419 1663 627 1763 incipiunt)
650 1687 717 1738 nec
742 1688 816 1739 non
846 1660 981 1739 custod.
1045 1656 1108 1736 Ad
1134 1659 1271 1737 calcem
1293 1658 1530 1773 Theopbrasti
1553 1584 1776 1767 oigtaphpn·

153 1783 281 1839 corum
330 1759 382 1834 ost
406 1760 594 1857 registrum
620 1760 828 1843 chartarum
854 1759 1019 1840 omnium
1041 1756 1217 1847 horumo
1244 1779 1346 1833 erum
1375 1757 1528 1854 legatur:
1570 1755 1776 1857 Excrlplum

156 1856 244 1959 (irc)
307 1859 479 1937 mellissa
500 1855 707 1935 domoAlrll
729 1850 1178 1959 MenulliColrdr'rffimll.
1202 1782 1416 1933 sallas).
1442 1852 1546 1929 Erre
1569 1845 1776 1953 bociprlra·
1812 1916 1819 1926 .

154 1962 203 2036 rel.
228 1959 270 2054 est
291 1980 312 2028 o
334 1952 632 2057 dorolols'Vmetir
647 1953 736 2055 qued
755 1944 908 2031 scotera
932 1954 1049 2048 nollrr's
1067 1971 1176 2047 grace
1194 1940 1327 2050 ipreffls.
1378 1951 1485 2031 conf.
1509 1949 1653 2031 cunm
1667 1953 1776 2039 Tom,
1930 2020 1935 2039 ,

154 2055 198 2136 ΙΙ.
224 2076 305 2151 pag.
326 2077 383 2155 91.
407 2052 464 2153 seq
491 2109 500 2128 .
522 2050 561 2137 n
584 2051 629 2136 N.
654 2075 709 2142 32·
735 2053 784 2137 ad
805 2072 890 2135 ann.
920 2064 1026 2145 1485.
1050 2047 1158 2133 &N.
1185 2074 1239 2127 11.
1264 2048 1311 2129 ad
1335 2048 1371 2125 h.
1389 2070 1422 2125 a.

321 2174 376 2238 52.
402 2074 610 2227 Ariirotelis
639 2149 811 2233 Historiae
836 2146 1063 2233 Animalium
1093 2145 1195 2260 Libri
1214 2144 1272 2223 ΙΧ.
1298 2147 1345 2220 de
1372 2146 1536 2262 partibus
1565 2149 1776 2231 animalium

155 2247 254 2329 Libri
278 2248 338 2326 sV.
364 2249 410 2325 de
437 2247 570 2331 incessu
594 2247 808 2331 animalium
830 2246 907 2329 Lib.
932 2247 959 2327 l.
998 2245 1044 2321 de
1062 2265 1187 2325 aalma
1206 2243 1287 2321 hbe
1303 2244 1362 2326 ΙΙΙ.
1385 2246 1431 2323 de
1454 2268 1491 2321 vr
1511 2244 1709 2334 sentiendi,
1736 2248 1777 2334 &

151 2342 371 2428 senfibilibus
395 2346 437 2425 L.
454 2346 481 2425 1.
503 2346 549 2429 ,de
568 2340 746 2427 me'moria
768 2342 807 2431 δι
828 2340 1094 2425 reminiscentia·
1105 2341 1147 2421 L.
1165 2341 1190 2424 Ι.
1214 2342 1261 2420 de
1278 2342 1403 2423 somno
1421 2341 1460 2423 δι
1478 2342 1616 2441 vigilia.
1645 2344 1725 2425 Lib.
1745 2345 1788 2421 Ι.

153 2444 203 2525 de
227 2441 373 2541 somniis
397 2443 439 2519 L.
455 2444 481 2523 Ι.
505 2444 552 2529 de
573 2442 796 2518 divinatione
818 2463 884 2539 per
907 2438 1086 2523 somnium
1115 2439 1156 2515 L.
1176 2438 1203 2522 Ι.
1229 2440 1275 2519 de
1298 2453 1402 2524 motu
1423 2440 1645 2529 animalium,
1676 2442 1725 2529 L.
1747 2440 1774 2522 Ι.

152 2540 205 2619 de
230 2538 465 2636 generatione
488 2538 698 2627 animalium
721 2538 820 2623 Libri
840 2536 887 2621 V,
908 2537 957 2621 de
976 2534 1207 2633 longitudine
1234 2536 1274 2621 δι
1297 2537 1474 2619 brevitare
1501 2539 1589 2616 vitae
1613 2539 1661 2629 L.
1681 2541 1709 2622 Ι.
1728 2540 1776 2619 de

155 2634 343 2717 'uventnte
368 2637 409 2723 ,ἀ
431 2636 628 2725 seueram,
654 2636 906 2736 respiratione,
931 2634 1026 2721 vim,
1052 2632 1092 2717 δι
1113 2644 1247 2715 morte.
1295 2634 1353 2711 De
1373 2635 1517 2740 Spiritu
1538 2636 1582 2720 L.
1595 2634 1623 2717 Ι.
1643 2637 1690 2716 de
1714 2658 1777 2717 co·

169 2736 294 2811 oribus
316 2732 397 2810 Lib.
422 2734 449 2812 Ι.
473 2733 835 2832 Phyfignomieorum
858 2734 901 2815 L.
915 2734 942 2818 Ι.
964 2734 1014 2815 de
1024 2731 1249 2815 admirandis
1272 2731 1530 2821 auditionibus,
1580 2735 1636 2817 De
1652 2734 1776 2815 Xeno·
1859 2820 1862 2824 ,

153 2832 306 2931 phanis,
330 2830 508 2921 Zenonis,
536 2832 745 2926 &Gorgiae
768 2830 1009 2931 dogmatibus.
1059 2826 1250 2912 Accedunt
1285 2826 1497 2931 lbeoplrrostr'
1525 2831 1572 2907 de
1604 2832 1773 2933 piscibus,

155 2928 205 3004 de
232 2930 427 3024 vertigine,
463 2928 509 3027 de
537 2926 827 3016 lassetudinibus,¹
854 2928 902 3009 de
933 2926 1126 3014 odoribus,
1163 2927 1210 3006 de
1239 2925 1426 3008 sudoribus
1461 2928 1540 3007 libri
1568 2927 1775 3027 singulares.

156 3026 232 3107 Hic
255 3027 384 3101 titulus
409 3047 529 3123 graece
552 3038 696 3101 tantum
718 3025 769 3101 est
794 3049 816 3100 ο
843 3025 894 3103 eri
921 3023 1105 3120 prefixus.
1136 3024 1174 3106 in
1195 3020 1272 3099 Fol.
1331 3023 1464 3103 Omnia
1495 3046 1617 3119 graeca
1643 3040 1776 3123 praeter

155 3124 423 3203 dedicationem
446 3122 536 3205 Aldi
561 3115 715 3203 Manutir
737 3047 841 3204 adli
1621 3227 1625 3231 ι

156 3220 280 3317 signat.
304 3222 436 3302 custod.
460 3220 497 3296 dr
522 3244 620 3296 num.
645 3216 722 3297 soll.
748 3221 793 3297 ab
812 3243 844 3298 1.
869 3220 917 3298 ad
941 3240 1025 3317 457.
1048 3218 1281 3297 continuatis.
1332 3217 1435 3293 Folio
1458 3217 1554 3297 verso
1570 3237 1656 3318 457.
1679 3242 1775 3321 groe-

158 3342 202 3395 ce
225 3320 403 3416 primum,
430 3328 510 3397 rum
531 3319 643 3399 latine
665 3319 821 3415 legitur:
851 3317 1001 3396 Veneriis
1016 3318 1051 3393 in
1070 3315 1171 3395 domo
1190 3312 1281 3395 Alli
1300 3314 1418 3414 Mense
1430 3311 1611 3430 ΕἸαηιισηό
1623 3318 1678 3397 M.
1696 3316 1773 3397 III.

842 3120 998 3205 lbertum
1028 3120 1136 3197 Pium
1166 3119 1368 3223 Principem
1399 3121 1626 3216 carpensem.
1677 3124 1774 3203 Cum
1886 3190 1891 3197 .

158 3416 210 3495 D.
239 3414 290 3491 Et
312 3417 347 3489 la
369 3416 428 3489 boc
448 3414 622 3515 comestum
644 3414 754 3502 nobis,
786 3416 878 3513 quod
897 3418 934 3493 in
961 3414 1253 3521 corlrrlsnojsrlr.
1317 3411 1474 3496 Accedrt
1503 3414 1604 3494 soliis
1639 3415 1775 3512 septem
1903 3448 1906 3454 ·

146 3527 232 3591 'non
250 3512 452 3593 numeratis
465 3514 557 3589 iiber
574 3510 619 3588 X.
639 3514 806 3604 Historiae
829 3513 1039 3607 animalium
1063 3534 1201 3611 graece,
1230 3534 1335 3607 quem
1352 3534 1416 3608 per
1431 3514 1636 3609 fragmenta
1653 3516 1684 3589 T
1685 3514 1776 3590 lieo·

158 3612 268 3686 dorus
290 3610 390 3686 Gaza
414 3610 452 3683 ln
474 3611 649 3706 prooemio
671 3613 718 3691 de
738 3610 973 3696 animalibus,
996 3612 1034 3688 in
1066 3634 1139 3687 non
1167 3608 1277 3687 nullis
1311 3610 1499 3687 codicibus
1530 3611 1678 3717 reperiri
1705 3614 1775 3700 ait,

159 3709 264 3787 Teste
288 3706 386 3784 Aldo
415 3707 503 3823 solio
525 3722 574 3810 8.Ι
593 3708 714 3822 ‘conr
739 3705 864 3787 Homb.
893 3707 933 3823 P
949 3708 975 3783 Ι.
1001 3730 1084 3805 pag.
1102 3712 1185 3791 esra.
1216 3703 1370 3821 memrot.
1386 3709 1431 3785 T.
1443 3709 1486 3821 ll.
1506 3730 1586 3825 pag.
1605 3728 1662 3805 93.
1681 3709 1775 3825 seqq,

324 3800 1777 4003 aa,,lbablanea.lelzlbua,blbaalaabellula

161 4012 298 4077 urceolo
317 4015 450 4077 occentu
466 4010 597 4077 mutual
608 4000 840 4105 fignificalum
860 4014 918 4082 ele.
967 3996 1168 4091 Ammonlur
1188 3999 1228 4073 ae
1246 3998 1437 4099 dspserenslo
1450 3999 1627 4080 albionum
1638 4028 1702 4100 prr
1718 4002 1777 4079 lir-

161 4110 309 4176 tororum
324 4100 470 4175 ordinem
493 4098 609 4174 Velur'
622 4096 784 4203 inslrulir'o
806 4110 838 4173 el
854 4098 1109 4175 denominandae
1126 4096 1314 4197 praseffollr
1339 4097 1527 4175 militas-alc.
1575 4099 1672 4176 Aldo
1695 4100 1778 4175 Ma·

164 4197 267 4275 nntio
290 4194 447 4281 editore,
471 4192 578 4294 cuins
601 4198 757 4297 praelixa·
780 4196 830 4273 est
850 4194 1016 4297 praefatio
1041 4196 1088 4273 ad
1115 4219 1246 4272 omnes
1273 4192 1456 4279 studiosos.
1484 4196 1562 4273 Fol.
1614 4196 1778 4279 Charast.

244 4316 329 4380 cus,
354 4292 394 4370 dr
415 4290 552 4369 latinus
573 4295 629 4372 ele
678 4317 741 4380 ns,
771 4316 853 4370 cum
868 4293 993 4392 fignat.
1017 4290 1103 4369 Α-
1116 4292 1158 4368 0.
1180 4294 1219 4372 dr
1240 4306 1351 4391 p-t.
1374 4292 1445 4371 sune
1467 4292 1602 4374 custod.
1617 4293 1656 4372 dc
1677 4316 1778 4373 num.

164 4318 243 4468 iil}
303 4390 364 4467 Aa
387 4389 524 4465 calcem
547 4415 586 4468 re
612 4395 619 4411 '
671 4392 925 4474 ‘ehamarumr
954 4390 1101 4477 Veneriis
1120 4391 1155 4466 la
1181 4388 1306 4470 odilus
1327 4390 1418 4469 Alae
1440 4388 1603 4469 Malata.
1633 4389 1781 4470 Rotnani

166 4486 346 4564 Decembri
359 4484 470 4589 'mense
494 4484 549 4561 M.
614 4486 682 4567 ID.
715 4488 768 4566 El
783 4491 820 4567 in
835 4490 896 4567 bor
913 4489 1003 4588 qaod
1020 4491 1055 4567 ia
1075 4488 1200 4567 coleris
1218 4488 1337 4591 aojlrls
1361 4487 1405 4568 ob
1427 4487 1483 4575 ll.
1501 4486 1659 4575 Senatu
1686 4490 1781 4575 Vm·

166 4598 255 4665 neto
276 4582 454 4688 cancelsam
470 4578 590 4665 oolla·
621 4586 731 4677 Coei.
749 4586 807 4669 Dr
827 4588 923 4669 Bura
941 4586 1039 4671 Beli·
1055 4584 1167 4678 Lrtlr,
1192 4610 1228 4672 n.
1253 4608 1363 4686 eras,
1513 4614 1520 4625 ·
1608 4680 1642 4766 c
