3892 5182
795 250 1128 379 ψ
1521 266 1778 375 ἐι.

158 467 215 547 ilt
237 461 333 543 adeo
354 462 518 543 exterior
538 461 661 541 sotini
679 457 791 561 hujus
811 459 989 539 editionis
1005 457 1301 562 jucundissimum
1319 466 1439 562 mla,
1453 469 1693 571 spefflcfflum
1708 490 1777 558 0¹·-
1842 424 1845 429 ’

159 565 295 642 hibeat
342 558 502 639 Accedit
524 562 623 659 quod
649 561 779 659 primae
805 582 959 647 vocum,
985 583 1070 658 quae
1092 559 1246 648 sensum,
1272 577 1339 641 aut
1388 570 1556 649 e'rioduin
1577 575 1776 668 inchoarit,

157 662 314 749 litterae,
341 661 557 761 plerumque
578 657 648 735 hnt
669 658 862 749 llorentes,
888 680 1015 754 eaeque
1035 656 1267 735 nitidissimae.
1315 661 1332 739 Ι
1423 667 1621 747 decisiones
1643 675 1777 752 dnbio·

100 842 105 849 ,
160 785 241 836 nim
263 756 394 835 omnes
418 759 599 854 incipiunt
622 756 764 832 verbis:
802 753 846 829 sn
874 752 948 853 Xpii
984 757 1112 830 romine
1129 754 1260 831 Amen:
1299 760 1363 836 ubi
1386 765 1537 858 quidem
1560 767 1685 849 littera
1702 774 1776 851 ini.

158 859 259 935 tialis
275 856 302 932 I
317 854 427 934 deest.
476 854 614 931 Desunt
633 854 747 937 etiam
767 853 903 949 ubique
923 852 1109 937 custodes,
1136 854 1350 949 lignaturae,
1376 863 1775 955 paginarumrrumeri.
1867 944 1871 949 .

157 957 198 1033 lii
220 954 295 1032 fine
319 955 442 1052 open's
462 950 597 1049 legitur
618 977 639 1027 e

155 1148 298 1229 strenas
323 1146 470 1225 consilia
492 1149 653 1246 primum
671 1142 745 1223 coll
793 1145 801 1161 ⁰
830 1171 872 1232 e,
908 1146 947 1225 dt
975 1145 1028 1222 cos
1041 1145 1108 1223 esso
1130 1142 1279 1222 omnibus
1311 1152 1382 1237 diii
1395 1176 1462 1250 pro
1477 1154 1602 1257 iffionis
1623 1171 1776 1241 accam.

155 1246 238 1324 iiiito
259 1251 296 1323 in
317 1250 480 1348 posteram
499 1257 615 1347 patere
629 1239 746 1346 studui
771 1269 799 1320 r.
881 1244 998 1321 Porro
1022 1246 1082 1320 hic
1106 1245 1275 1343 epilogus
1302 1245 1616 1347 subscriptionem,
1648 1263 1774 1341 uerbis

151 1347 268 1425 inodo
292 1370 341 1421 ex
364 1345 497 1419 eodem
520 1343 687 1419 recitatis
711 1340 925 1418 immediate
944 1340 1156 1440 subjestam,
1193 1342 1305 1421 habet
1328 1344 1555 1441 sequentem:
1578 1350 1685 1431 otim
1707 1385 1777 1457 pa.

174 1054 184 1071 .
450 1051 457 1067 .
497 1052 504 1066 ·
640 950 787 1123 Εἰὶοςιιε
803 975 885 1055 μου
903 951 995 1027 nihil
1020 948 1137 1059 fusior
1155 950 1215 1028 vel
1236 957 1481 1072 typographi,
1510 961 1569 1036 vel
1594 960 1795 1079 coirestffi·
1909 1070 1916 1081 Ι

154 1076 228 1140 ris,
255 1077 304 1129 ex
326 1074 400 1149 quo
423 1049 612 1136 discimus,
679 1046 961 1135 artholomaeum
987 1048 1179 1221 Cepollaiu
1209 1049 1345 1148 dilapsa
1369 1055 1534 1247 undijue
1563 1057 1669 1139 paull
1700 1065 1776 1143 Ca⁴

153 1445 220 1520 due
243 1441 339 1518 XII.
360 1438 416 1516 ss.
442 1438 562 1541 aprilis
589 1467 633 1514 m.
653 1465 734 1514 cccc.
758 1436 880 1515 Lxxv.
908 1438 1023 1514 osiana
1057 1438 1226 1516 inditione.
1305 1439 1432 1540 Atque
1458 1469 1507 1522 ex
1533 1449 1594 1525 his
1624 1456 1776 1550 quidem
1928 1530 1931 1537 ,

154 1539 468 1640 colligo-paduae,
495 1538 534 1617 dc
556 1538 705 1636 quidem
729 1559 826 1619 anno
850 1560 941 1638 1475
960 1536 1128 1635 impressa
1153 1535 1222 1613 else
1245 1539 1328 1618 haec
1349 1540 1507 1621 consilia

157 1719 305 1815 XXV.
337 1716 587 1812 bernhardi.
616 1714 732 1849 Juris
761 1710 968 1849 ponsulti,
996 1713 1116 1805 casus
1141 1684 1261 1831 longi
1282 1714 1408 1923 suget
1430 1723 1622 1844 quinque
1640 1720 1777 1825 libror

271 1832 599 1961 Decretnlium‚
633 1828 796 1920 Parisiis
813 1831 1080 1943 peri’etruui
1098 1827 1296 1939 Caesaris,
1395 1834 1640 1950 johannem
1658 1848 1776 1943 Stoll

273 1945 458 2063 impressi
487 1974 601 2035 aimo
635 1964 757 2055 1475.
779 1942 824 2031 iii
853 1941 957 2037 Fol.
981 1949 1084 2033 miii.
1616 1974 1618 1979 '
1765 1956 1772 1969 “

256 2102 362 2191 Quos
385 2097 509 2175 austor
532 2095 633 2172 casus
665 2095 798 2193 longos
822 2096 1000 2194 adpellit,
1039 2097 1120 2173 sunt
1145 2082 1271 2197 legum
1298 2096 1565 2181 declarationes
1586 2108 1777 2196 uberiores
1821 2186 1825 2193 .
1917 2112 1920 2119 ’

171 2202 374 2299 plerumque
401 2219 449 2272 ex
474 2193 659 2271 occasione
687 2193 823 2290 'legum
853 2194 1087 2292 desumptae„
1138 2196 1255 2275 Hisce
1280 2197 1419 2275 casibus
1443 2203 1621 2282 adnexuit
1643 2211 1776 2292 breves
1921 2288 1925 2295 ,

179 2312 278 2373 notis
291 2297 350 2373 rel
372 2318 412 2370 re
476 2314 538 2367 as·
568 2290 686 2377 otius,
711 2314 759 2366 ex
781 2287 865 2387 ipsis
888 2290 1032 2386 legibus
1055 2309 1269 2381 manantes,
1293 2308 1358 2372 aut
1374 2295 1413 2372 iii
1431 2299 1566 2374 iisdem
1580 2326 1629 2379 ex
1653 2307 1776 2391 reffas.

188 2392 370 2490 Inprosuni
392 2417 413 2469 e
465 2314 648 2503 istuisnon
668 2408 794 2485 parvae
816 2387 925 2463 molis
949 2410 1042 2502 opus
1063 2393 1101 2465 in
1115 2390 1270 2504 ‘duabus
1287 2390 1468 2506 colurimis
1491 2392 1601 2473 chara
1634 2426 1697 2479 ere
1714 2427 1778 2483 ro·

183 2492 279 2567 mado
299 2488 547 2591 pereleganti,
576 2486 716 2562 chartae
739 2485 939 2561 admodum
961 2487 1101 2564 nitidae.
1183 2488 1347 2591 litteriis
1371 2490 1534 2569 initiales
1556 2516 1691 2591 parvas
1711 2502 1778 2602 ipsi

253 2588 384 2688 graphi
407 2584 656 2685 adjecerunt.x
683 2582 893 2681 Signaturae
919 2607 1029 2671 vero,
1055 2583 1232 2662 Custodes
1248 2586 1520 2683 &paginarum
1543 2598 1704 2686 numeri,
1727 2603 1778 2679 ti.

170 2604 300 2787 mue
321 2685 463 2762 desunt.
511 2682 625 2781 Signa
647 2680 981 2779 interpunsiionum
1008 2683 1088 2758 sunt
1109 2682 1301 2781 puniium,
1328 2695 1493 2775 comma,
1525 2684 1778 2779 &semicolon

166 2785 272 2887 hujus
291 2784 427 2861 iormae
455 2778 475 2883 (
485 2778 536 2882 l).
600 2780 642 2854 lii
662 2777 736 2855 fine
761 2777 942 2877 majorum
964 2779 1159 2857 sessionum
1179 2782 1356 2857 moderno
1381 2782 1551 2861 semicolo
1576 2789 1628 2866 est
1646 2786 1774 2875 simile,

164 2886 206 2962 ln
235 2883 353 2960 sronte
386 2881 517 2979 piirriae
539 2877 722 2954 columnae
742 2876 871 2975 primae
893 2878 1038 2977 paginae
1061 2879 1113 2953 im
1139 2878 1239 2956 ressae
1264 2876 1346 2956 haec
1371 2878 1545 2978 leguntur
1567 2888 1679 2973 verba
1710 2894 1777 2969 iis·

161 2984 262 3069 dem,
289 2974 520 3081 quibusipse
540 2989 668 3052 textus
686 2974 822 3050 litteris
844 2974 1029 3073 impressa:
1059 2901 1163 3167 Cufis
1180 2973 1281 3075 ,longi
1289 2974 1361 3091 sup
1382 2980 1509 3152 quinq?
1536 2979 1642 3060 sistros
1662 2985 1777 3066 decre·

161 3081 287 3157 dasium
318 3075 463 3151 ndomio
485 3070 651 3148 benarno
676 3070 830 3146 earumdi
852 3074 1011 3168 precipuo
1032 3072 1091 3169 glo
1107 3084 1201 3145 aiore
1222 3073 1394 3149 utiliterc
1495 3078 1556 3154 ati.
1629 3082 1673 3161 Iri
1700 3086 1774 3167 fine

156 3202 255 3256 vero
283 3173 488 3271 sequentem
506 3169 728 3283 typographi
751 3168 965 3267 adjecerunt
984 3170 1174 3242 notitiam:
1202 3167 1318 3283 siniit
1332 3100 1535 3286 castmgi
1547 3172 1609 3253 iliis
1620 3179 1777 3261 Bernar-

162 3276 202 3352 ili
223 3274 352 3374 qaiaq3
377 3268 540 3347 librorum
561 3266 796 3345 denetnlium!
819 3261 897 3340 bone
912 3264 954 3344 ss
968 3266 1202 3367 accuratiffimr
1222 3268 1384 3365 castigati.
1433 3268 1539 3346 Arrio
1557 3272 1685 3351 domini
1697 3283 1776 3356 mis·

161 3374 271 3493 [φωρ
295 3368 611 3485 quadringentesimo
624 3365 863 3468 seprnngcfirrro
884 3366 1017 3461 quinto:
1041 3360 1097 3437 die
1116 3388 1194 3439 vero
1218 3360 1393 3438 tredecima
1413 3392 1484 3440 meri
1498 3391 1528 3442 rs
1602 3375 1671 3457 iiiii
1701 3375 1774 3452 Pa.

161 3475 261 3575 nfios
277 3494 341 3568 per
367 3472 535 3571 niiirgstrii
555 3463 659 3567 (sic)
687 3461 823 3537 Petram
846 3486 881 3535 ce
896 3464 966 3535 aris
994 3460 1035 3538 ss
1057 3456 1201 3566 jobini
1218 3459 1308 3574 stols.
1331 3460 1445 3578 Impar
1480 3521 1489 3542 .
1567 3493 1604 3544 eo
1627 3474 1773 3570 gratior.

161 3569 316 3649 Oilandi
339 3568 473 3644 dehac
505 3565 668 3640 editione
691 3559 780 3636 silet.
852 3460 930 3634 hsec
953 3558 1051 3656 apud
1075 3559 1189 3644 alios,
1217 3580 1279 3654 qui
1302 3560 1392 3635 mihi
1422 3563 1573 3660 quidem
1595 3590 1675 3668 prae
1696 3597 1777 3653 ma.
1811 3630 1825 3663 ,x

162 3673 274 3749 nibus
297 3665 396 3753 sunt,
424 3662 706 3761 Bibliographos
734 3656 935 3755 quidquam
957 3657 1003 3735 de
1026 3679 1071 3734 ea
1096 3655 1249 3734 memini
1271 3657 1500 3739 adnotatum.

165 3847 330 3942 XXVI.
365 3841 484 3931 Pauli
506 3867 530 3927 a
549 3836 772 3940 attinio,
803 3832 1013 3952 Episcopi
1031 3834 1278 3948 Burgensis,
1300 3835 1564 3931 Scrutinium
1583 3842 1776 3962 Scriptu-

281 3986 435 4052 rarum.
484 3955 677 4045 Accedit
693 3950 874 4066 epistola
889 3948 1301 4045 RabbiniSainuelis
1318 3948 1457 4062 Judaei
1474 3955 1704 4048 Marocani
1722 3965 1778 4053 ad
1895 4022 1901 4031 .

283 4076 424 4168 Rabb.
457 4068 649 4159 isaacum
663 4064 904 4180 Syuagogae
918 4062 1159 4174 magistrum
1178 4064 1224 4151 iii
1248 4067 1408 4153 eodem
1423 4067 1576 4182 Regno
1595 4098 1650 4160 ex
1671 4079 1776 4167 Ara·

140 4190 146 4199 ’
283 4192 386 4280 bico
403 4187 448 4275 iii
463 4184 669 4277 Latinum
692 4174 812 4269 veisa
825 4176 879 4266 ab
890 4172 1080 4267 Alsonso
1093 4173 1290 4291 Hispano
1308 4176 1416 4273 Ord.
1432 4180 1778 4291 Praedicatoium,

284 4307 481 4400 Mantuae
506 4324 584 4416 per
605 4294 847 4410 johannem
866 4290 1085 4379 Schallum
1116 4317 1216 4387 ann.
1237 4314 1362 4406 1475.
1402 4294 1591 4412 lmpress.
1610 4303 1654 4388 iii
1671 4301 1778 4395 Fol.

270 4474 406 4555 Paulus
429 4464 584 4544 'udaieis
595 4474 709 4543 ,ortus
730 4458 943 4561 parentibus
960 4456 1171 4537 Salomonis
1187 4454 1279 4535 Levi
1296 4482 1430 4539 nornen
1445 4462 1615 4543 obtinuit.
1668 4474 1777 4549 Circo

174 4574 350 4659 annumC
397 4570 406 4587 ‘
472 4589 564 4664 1390
577 4585 664 4643 cum
681 4583 799 4659 uxore
816 4556 854 4640 di
875 4556 996 4735 tribiis
1010 4557 1099 4729 siliis
1117 4555 1169 4639 ad
1182 4556 1425 4641 Christianam
1441 4558 1554 4723 sidem
1570 4570 1776 4745 conffilus,

1718 4940 1725 4969 Ι
1792 4804 1893 4891 Ι
