3922 5176
790 333 1113 459 enh
1291 349 1293 354 ·
1445 421 1449 428 ,
1707 330 1764 465 a

139 546 272 643 Vlil.
302 545 560 640 Sermonum
585 535 796 639 Mellretlr
823 539 971 652 Partes
996 560 1108 647 tres,
1140 540 1256 647 dnae,
1287 537 1549 653 HyenraliS,
1581 528 1770 637 &AEsttss

252 663 384 773 valis,
417 661 473 751 de
502 682 726 776 tempore,
756 657 800 745 s<
831 659 958 744 tertia
998 659 1052 742 de
1087 653 1274 747 Santlis.
1353 654 1651 770 Norimbergae
1690 684 1771 776 per

253 785 425 870 Aaron.
448 774 679 888 Kohurger
709 787 831 887 1487.
862 771 907 858 in
939 768 978 859 F
983 772 1045 866 ol,

304 1020 344 1095 ln
364 1020 476 1117 prima
522 1017 602 1093 rimi
621 1016 696 1095 solii
718 1006 888 1095 columna
908 1016 1034 1117 Incipit
1055 1009 1115 1134 ja
1133 1015 1292 1135 ipemolis
1313 1019 1475 1099 Sermoni
1495 1024 1664 1122 Meffsstls.
1688 1026 1765 1108 ol'r.

142 1117 282 1197 Ortulus
303 1120 426 1215 regine.
541 1116 668 1215 ologur.
735 1116 793 1193 Ex
816 1116 887 1190 hoc
909 1116 1058 1214 prologo
1088 1115 1271 1204 dilcrmusr
1299 1121 1479 1198 austorem
1509 1125 1688 1200 semrones
1720 1122 1767 1203 de

138 1217 277 1293 Sanstis
298 1239 393 1290 anno
421 1237 629 1312 1443.com
655 1214 791 1300 sevisse,
822 1213 1023 1312 eodemque
1053 1238 1147 1290 anno
1181 1214 1228 1287 ool
1256 1214 1410 1293 honorem
1429 1220 1483 1294 dei
1509 1255 1553 1276 ·-
1582 1263 1626 1277 -
1725 1220 1767 1299 ob

138 1315 259 1391 honori
279 1313 377 1407 deniq
406 1312 590 1410 ,misnensti
640 1311 837 1419 iocejl.·cui⁹
855 1308 935 1408 sedi
964 1336 1001 1409 cp
1022 1317 1078 1384 tric
1101 1308 1312 1389 Reuerendus
1334 1317 1369 1390 in
1395 1316 1510 1417 cirrislo
1528 1331 1627 1416 puter
1644 1319 1685 1395 st'
1698 1321 1762 1396 drir

138 1412 291 1487 domiuus
316 1338 476 1513 „Joistues
508 1407 621 1482 dolior
643 1409 797 1506 egregius
821 1409 971 1503 feliciter
998 1406 1199 1506 gubernarit
1221 1408 1291 1487 &o
1328 1413 1508 1491 sennones
1539 1420 1583 1492 de
1605 1431 1767 1515 tempore

139 1509 326 1585 inchoasse.
377 1505 499 1604 Atque
518 1506 599 1582 haec
623 1507 718 1590 sunt,
745 1528 826 1603 quae
845 1506 891 1580 de
913 1504 1054 1582 notiore
1070 1507 1198 1581 horum
1215 1505 1433 1597 sermonum,
1457 1515 1516 1610 qui
1540 1515 1599 1590 sub
1618 1518 1767 1593 nomine

140 1607 308 1684 Meslreth
338 1605 464 1701 saepius
492 1606 587 1701 typis
618 1603 737 1679 excusi
765 1603 859 1685 sunt,
895 1617 996 1679 certo
1026 1603 1202 1694 constant·
1246 1606 1348 1686 Cons.
1372 1610 1485 1685 Denis
1509 1607 1766 1709 ulletlmhrtlgn

103 1744 106 1748 ·
139 1704 244 1785 icitur
268 1707 325 1781 het·
350 1699 998 1813 gutclllldptnffilbliolbctspag..133.
1021 1701 1110 1801 seqq.
1163 1702 1339 1800 Prologus
1361 1707 1572 1782 terminatur
1588 1709 1625 1783 in
1645 1710 1766 1788 averse

139 1803 270 1903 pagina
293 1801 365 1874 solii
388 1802 512 1913 primi,
536 1800 702 1874 colunma
726 1821 859 1896 prima,
888 1799 983 1876 hnea
1007 1805 1061 1874 16.
1111 1797 1206 1875 Tum
1229 1799 1352 1896 incipit
1372 1801 1553 1878 Dominicis
1572 1809 1686 1904 prima
1702 1805 1767 1882 od-
1927 1858 1931 1867 ·

139 1899 263 1997 uentus
278 1900 365 2007 struo
383 1922 524 1995 primur.
584 1896 682 1994 Opus
704 1897 848 1993 gothico
872 1895 1072 1972 charasiere
1094 1896 1236 1972 minuto
1258 1897 1456 1977 admodum
1482 1905 1520 1975 in
1546 1904 1682 1980 duabus
1705 1930 1768 1981 co·

141 2000 272 2073 lumnis
286 1997 420 2078 firmae,
447 1993 593 2070 &albae
610 1997 743 2070 chartae
756 1992 957 2090 impressum
980 1993 1038 2067 est.
1090 1992 1128 2067 S‘
1184 2006 1322 2080 atores,
1347 1994 1769 2100 &paginamminscrip‘
1881 2010 1885 2017 .

139 2098 256 2169 tiones
276 2093 525 2190 typographus
545 2093 674 2186 ubique
696 2089 841 2186 adjecit.
907 2090 980 2166 Hae
1008 2113 1092 2166 vero
1116 2116 1119 2123 ¹
1156 2092 1224 2166 iter
1249 2092 1283 2168 se
1300 2093 1440 2173 ,habent
1463 2098 1499 2171 in
1526 2112 1627 2192 parte
1650 2102 1766 2195 operis

140 2193 259 2290 prima
284 2191 342 2266 seu
362 2190 540 2287 hyemali,
572 2210 678 2285 quarn
700 2190 739 2264 in
762 2189 900 2263 duabus
920 2187 1063 2284 reliquis
1110 2187 1254 2265 artibus.
1301 2190 1394 2267 Sunt
1408 2195 1503 2268 enim
1519 2194 1592 2270 illae
1607 2193 1769 2291 ejusmo*

141 2292 195 2366 di:
224 2288 406 2362 Donsinica
436 2285 551 2360 Tereia
596 2289 640 2387 ost
661 2284 735 2383 Epi
756 2283 863 2358 tante.
887 2326 932 2340 -
956 2283 1057 2359 Ferio
1082 2212 1216 2385 &nerto
1240 2328 1284 2342 ·—
1312 2287 1381 2377 (sc,
1401 2291 1476 2388 post
1496 2295 1765 2390 praecedentem

139 2387 366 2464 Dominicam
388 2313 693 2483 quadrageimae)
758 2384 900 2457 ominicn
923 2380 967 2456 In
993 2380 1125 2456 Polmis
1152 2423 1190 2439 ·-
1221 2381 1262 2457 Iu
1286 2383 1354 2459 Die
1368 2385 1571 2486 Parascenes
1597 2429 1639 2445 -—
1667 2392 1765 2468 Prae·

141 2499 271 2570 terea,
314 2485 411 2579 quod
447 2483 603 2580 primam
644 2497 782 2579 partem
816 2481 967 2561 attinet,
1006 2478 1045 2554 in
1074 2478 1239 2579 superiori
1264 2505 1343 2560 mar
1368 2485 1428 2559 ine
1463 2484 1620 2573 cuiusvis
1646 2489 1768 2578 sollio
1873 2494 1878 2499 ’

140 2595 241 2681 parte
263 2581 392 2655 dextra
414 2578 533 2677 major
555 2578 669 2653 exstat
688 2579 822 2663 littera,
849 2602 880 2652 e.
926 2574 1090 2665 .A,B,
1114 2578 1303 2654 ueletiam
1366 2579 1421 2665 A,
1452 2571 1525 2658 BB
1543 2583 1610 2661 dcc.
1634 2589 1681 2663 ad
1701 2579 1769 2662 da'

140 2679 330 2775 signandos
351 2678 575 2775 plagulamm
590 2676 783 2753 fasciculos.
855 2600 958 2751 Folia
980 2674 1059 2750 osio
1080 2674 1254 2772 postrema
1276 2677 1401 2774 primae
1427 2683 1559 2776 partis,
1589 2705 1670 2779 quae
1694 2685 1765 2760 ser·

140 2800 270 2855 mones
294 2777 339 2850 de
360 2790 523 2874 tempore
548 2775 778 2849 aDominica
801 2773 918 2870 prima
939 2773 1132 2859 adventus,
1160 2791 1272 2868 usque
1296 2775 1343 2850 ad
1363 2775 1578 2853 Parasceven
1604 2782 1764 2878 comple·

140 2875 261 2963 ditur,
288 2874 446 2949 litteram
471 2871 550 2969 DI).
573 2871 750 2968 duplicem
771 2871 962 2954 exhibent,
989 2869 1027 2947 dc
1045 2870 1171 2946 solium
1186 2872 1280 2947 inter
1294 2888 1481 2951 nummata
1521 2875 1708 2973 ultanum
1725 2878 1766 2957 in

140 2971 259 3048 aversa
267 2972 407 3083 pagina,
417 2967 586 3044 columna
595 2967 842 3042 secundahanc
853 2965 1154 3078 subscriptionem:
1171 2965 1266 3041 Iinit
1276 2992 1361 3064 pers
1372 2900 1529 3140 ipsmoiir
1541 2972 1635 3049 iuius
1645 2977 1762 3071 operis.
1854 2996 1861 3011 ·

139 3067 296 3146 Accedit
314 3068 434 3145 tabella
456 3068 688 3142 materiarum
710 3063 936 3160 alphabenca
956 3063 1034 3137 otto
1058 3063 1152 3137 solns
1171 3065 1386 3162 comprehen
1399 3092 1431 3143 a.
1482 3070 1644 3145 initiales
1665 3073 1764 3148 litte·

138 3190 209 3254 rae,
236 3167 414 3251 custodes,
444 3163 641 3240 &numeri
662 3163 871 3258 paginarum
892 3158 1090 3257 insmgulis
1112 3159 1269 3256 partibus
1293 3162 1427 3238 desunt.
1464 3165 1519 3240 'ln
1544 3168 1661 3243 fronte
1683 3193 1764 3266 par·

139 3266 190 3342 tis
211 3264 391 3349 secundae,
414 3262 472 3336 seu
496 3262 621 3358 primae
662 3261 842 3335 columnae
875 3258 984 3355 primi¹
1014 3256 1088 3331 solii
1125 3256 1201 3330 Iuci
1223 3260 1250 3330 it
1273 3284 1358 3357 pars
1387 3260 1550 3360 Estiuolis
1572 3264 1762 3363 sermonum

139 3360 310 3459 Meffietlr
322 3361 389 3435 ol’r
412 3357 553 3435 Ortulur
572 3359 687 3455 regine
701 3355 819 3433 &rino
830 3358 971 3454 prinum.
1022 3353 1161 3429 Porroi
1201 3356 1387 3454 cn'ptiones
1403 3360 1616 3455 paginarum
1628 3364 1666 3439 in
1681 3366 1775 3455 hac,-

139 3461 358 3558 &sequenti
385 3470 486 3555 parte
516 3458 563 3531 de
590 3454 728 3532 Santiis
754 3450 931 3549 ejusmodi
953 3452 1047 3538 sunt,
1076 3467 1118 3526 ut
1139 3453 1177 3529 in
1202 3454 1317 3550 prima
1340 3453 1511 3555 cujusque
1535 3460 1610 3535 folii
1633 3465 1764 3559 pagina

139 3581 309 3636 numanus
329 3554 521 3638 sermonis,
547 3555 585 3629 in
611 3551 731 3628 aversa
753 3552 847 3634 dies,
874 3550 933 3624 vel
952 3572 1083 3623 nomen
1109 3549 1247 3634 Sentii,
1272 3550 1317 3625 de
1365 3577 1413 3629 uo
1440 3555 1490 3631 est
1517 3556 1649 3645 senno,
1669 3561 1764 3637 indi.

139 3669 257 3743 cetur,
287 3678 319 3730 e.
336 3675 371 3750 g.
393 3649 585 3727 Dominico.
598 3647 709 3724 XVI.
728 3651 803 3747 post
826 3645 1003 3721 Trinitatis
1027 3645 1143 3724 Sermo
1161 3575 1392 3730 LXXXIII.
1406 3690 1445 3707 ··
1479 3651 1534 3727 De
1554 3653 1668 3752 finnio
1681 3655 1762 3758 Ap·

137 3753 284 3854 polemo.
307 3749 423 3829 Sermo
439 3745 672 3824 XXXVIII.
725 3744 895 3824 Continet
913 3765 995 3844 pars
1016 3743 1166 3820 secunda
1185 3745 1376 3822 universim
1401 3749 1580 3829 sermones
1602 3753 1648 3830 de
1667 3767 1762 3833 tem·
1902 3815 1903 3818 ,

165 3874 230 3928 ore
249 3851 342 3928 Clll.
358 3849 444 3926 inde
464 3847 687 3923 aDoninica
706 3843 851 3921 Paschae
872 3844 988 3940 usqne
1005 3842 1059 3917 ad
1074 3842 1298 3919 Dominicam
1312 3842 1446 3945 XXlll.
1474 3849 1551 3947 post
1565 3848 1761 3933 Trinitatis.

103 4029 108 4035 ,
137 3875 235 4027 {lule
256 3949 367 4025 etiam
391 3947 483 4046 parti
503 3944 642 4020 adnexa
668 3941 718 4017 est
742 3940 879 4017 Tabula
899 3940 1119 4038 alphabetica
1141 3943 1374 4035 materiarum
1395 3944 1494 4021 soliis
1520 3972 1575 4028 12.
1598 3973 1763 4048 compre·

138 4048 257 4126 hensa.
305 4045 441 4142 Pagina
460 4045 570 4141 partis
591 4042 638 4116 de
660 4039 797 4115 Sanssis
816 4039 930 4136 prima
956 4035 1126 4135 Prologus
1146 4039 1163 4126 (
1172 4037 1349 4137 austoris)
1373 4040 1414 4114 de
1426 4041 1553 4140 sentiit
1574 4047 1609 4119 in
1628 4043 1762 4122 Sermo·

137 4169 195 4224 nes
213 4141 363 4240 Meffiet.
388 4142 453 4215 al’r
480 4138 598 4216 Ortuli
616 4139 729 4236 regine
751 4134 828 4211 Inci
851 4136 878 4208 it
890 4134 1050 4229 feliciter.
1100 4134 1142 4210 ln
1162 4137 1281 4213 aversa
1295 4151 1417 4214 autem
1432 4143 1559 4239 pagina
1579 4143 1650 4219 solii
1665 4143 1762 4242 ejus·

139 4245 225 4319 dem
248 4241 376 4337 incipit
394 4237 579 4334 Defensio
598 4234 752 4312 Andria.
791 4159 908 4310 Simo
919 4234 1075 4344 primur.¹
1117 4229 1179 4347 ild
1202 4234 1339 4310 calcem
1368 4236 1535 4315 sennonis
1556 4239 1603 4316 de
1631 4240 1762 4322 sanna

138 4339 350 4423 Catharina,
376 4336 437 4433 qui
456 4334 507 4433 ,⁶st
529 4336 568 4410 in
582 4335 711 4412 ordine
736 4328 874 4418 CXXl,
904 4330 1051 4428 sequens
1078 4328 1209 4426 legitur
1238 4331 1451 4431 subscriptio:
1495 4335 1589 4434 Opus
1610 4336 1763 4429 [narmi

141 4438 334 4529 triptitneri·
353 4432 463 4529 partis
490 4431 643 4506 uidelicet
667 4429 846 4528 ipernnlis:
874 4429 1014 4529 estiuulis
1043 4424 1086 4505 is
1112 4427 1153 4503 de
1167 4426 1310 4526 fiendis.
1368 4430 1534 4513 Hortalus
1564 4436 1676 4535 regine
1714 4437 1761 4514 ul’

139 4532 289 4643 ffiffrrt
303 4532 513 4636 instrrptnm:
538 4536 648 4612 uariis·
681 4558 757 4610 acre
776 4535 905 4633 pagine
934 4531 1139 4610 documentis
1165 4537 1289 4630 compti
1309 4559 1371 4611 smc
1416 4537 1562 4613 ulcitum.
1618 4536 1762 4618 Cuilibet

138 4644 178 4720 in
198 4637 268 4743 arpii⁴
280 4630 378 4740 pule
389 4632 580 4739 selaeseu
668 4630 793 4732 ,fient
813 4629 942 4804 uelsnpp'
952 4631 1108 4725 uruit.
1173 4628 1345 4733 Expeusts
1384 4630 1558 4736 prdebilis
1584 4638 1653 4814 antip
1681 4636 1762 4713 An·

963 4749 990 4809 2
1319 4786 1322 4790 ·
1638 4757 1707 4814 eutr
1831 4748 1833 4754 ’
