3922 5176
363 234 398 285 α
934 208 953 265 ·’
1345 208 1348 213 ’
1430 214 1436 219 ’
1887 286 1890 292 .

635 364 644 383 ·
750 283 1146 437 ss
1669 324 1731 418 aa
1791 364 1849 435 ,-

104 493 161 593 qui
187 488 409 571 consulatur.
455 490 543 570 Fuit
564 488 754 573 Arretinae
781 493 954 579 Eccleiae
973 497 1136 593 primum
1164 491 1283 574 Archi
1354 504 1361 511 '
1394 502 1498 594 yter,
1529 504 1611 578 tum
1636 496 1728 577 vero

102 595 258 671 Romam
282 593 317 669 se
337 593 496 669 contulit
518 593 558 667 in
584 593 708 668 aulam
730 594 891 691 Eugenii
912 592 976 671 IV.
1005 597 1069 671 ubi
1091 594 1246 671 Nicolao
1314 653 1323 670 .
1358 596 1541 673 Pontifice
1582 596 1728 678 decessit

102 717 183 768 ann.
211 698 315 789 1466.
369 692 477 780 Quod
503 689 720 788 praesentem
741 694 879 769 attinet
900 693 1122 790 editionem,
1154 715 1197 770 ea
1223 694 1375 791 quidem
1406 697 1526 791 primo
1559 697 1733 773 omnium.

101 792 366 867 dedicatoriam
390 790 548 866 austoris
575 789 623 865 ad
649 789 846 867 Nicolaum
871 790 918 868 V.
943 790 985 868 P.
1012 791 1059 867 R.
1082 791 1271 890 epistolam
1291 792 1462 878 exhibet,
1487 794 1726 872 terminatam

101 892 137 967 in
160 888 242 964 folii
273 889 419 964 secundi
444 891 578 986 pagina
609 889 748 984 prima,
781 889 879 967 linea
904 915 960 986 19.
1026 889 1122 966 Tum
1149 890 1365 967 immediate
1400 887 1548 983 ‘ioannis
1578 890 1728 966 Tortellii

102 986 258 1065 Arretini
292 988 609 1063 Commentariorum
641 985 950 1064 Grammaticorum
978 987 1035 1063 De
1061 986 1318 1094 Ortiogropiiu
1331 953 1523 1065 Driiionum
1539 990 1578 1068 E
1594 986 1727 1066 Grecis

108 1085 301 1162 Troitorum
325 1084 430 1162 Liber
451 1084 588 1161 Primus
608 1083 746 1186 Incipit.
830 1085 1044 1184 lmprcslurn
1071 1087 1123 1165 est
1155 1089 1227 1164 hoc
1259 1111 1353 1202 opus
1385 1089 1521 1167 litteris
1555 1082 1729 1167 rotundis

103 1185 417 1285 pernegantibus,
444 1185 595 1262 Chartae
613 1184 724 1282 plane
744 1183 978 1262 nitidisfimae.
1032 1184 1197 1262 Litteras
1209 1185 1375 1262 initiales
1395 1209 1530 1287 parvas
1549 1199 1729 1286 typognm

104 1285 196 1383 phus
216 1284 433 1383 plerumque
450 1283 606 1383 adjecit,
632 1283 690 1363 uti
716 1283 832 1361 etiam
857 1281 1074 1381 fignaturae
1125 1280 1183 1360 At
1204 1283 1393 1374 custodes,
1420 1287 1638 1383 paginarum
1659 1308 1729 1363 nu·

106 1382 214 1470 meri,
242 1382 281 1462 dc
306 1383 508 1461 earundem
532 1380 788 1480 inscriptiones
815 1381 954 1460 desunt.
983 1403 986 1409 ’
1012 1378 1076 1459 Ad
1098 1382 1239 1459 calcem
1258 1381 1370 1460 lexici
1393 1407 1530 1466 uocum
1554 1383 1728 1487 alphabe-
1839 1414 1849 1428 “

106 1481 167 1559 tici
190 1480 378 1581 sequentia
398 1487 574 1757 Ιεὲιιηωτ
598 1480 819 1578 capitalibus
843 1476 981 1557 litteris
1006 1479 1191 1580 impressa:
1586 1524 1589 1528 -
1904 1512 1907 1519 ·

463 1581 582 1655 connis
649 1577 687 1654 T
679 1578 800 1655 orteslii
862 1576 1024 1657 Arretini
1087 1577 1408 1660 Commentariorum

463 1678 734 1755 commaticorum
788 1677 848 1755 De·
905 1674 1015 1758 Ortho
1039 1676 1161 1778 raptio
1212 1677 1407 1756 Ditiionum

425 1778 582 1877 Egrucis
624 1775 821 1853 Teudurum
862 1775 958 1877 Opus
990 1704 1292 1854 iirHermunum
1318 1775 1408 1855 Liris

425 1878 558 1979 smflein
626 1875 849 2050 Colonimsem
924 1876 1088 1953 chntiu
1151 1873 1408 1979 Accusatiffime

429 1972 626 2076 Impreffum
640 1973 709 2050 Die
732 1975 774 2052 V
782 1972 992 2074 timuMenst
1030 1971 1182 2051 Ouobrir
1205 1973 1311 2052 Anno
1329 1973 1408 2051 Mil

427 2075 537 2191 iestmo
565 2072 821 2175 Quadringenta
834 2097 898 2147 imo
928 2072 960 2149 0
989 2073 1164 2173 ungestmo.
1766 2155 1770 2167 ,

113 2166 149 2244 ln
171 2165 298 2245 aversa
320 2167 420 2260 folii,
442 2199 483 2251 ru
513 2196 586 2270 quo
606 2173 689 2248 haec
714 2172 905 2268 leguntur,
934 2172 1068 2270 pagina
1082 2171 1254 2247 Primorio
1275 2169 1458 2250 Litterurii
1473 2168 1617 2250 Ordinis
1639 2169 1728 2251 Viro
1803 2224 1806 2229 -

114 2264 322 2442 CoeKiuntino
347 2269 530 2373 Robigum
563 2268 759 2365 Turuifiuno
780 2270 1008 2368 fflmmymus
1033 2270 1201 2346 Boninius
1225 2267 1265 2348 S.
1282 2268 1324 2347 P.
1341 2270 1391 2349 D.
1463 2270 1580 2349 Porro
1600 2272 1640 2348 in
1658 2273 1730 2351 hac

112 2368 165 2463 epi
197 2366 258 2442 ola
279 2368 384 2465 plura
405 2373 517 2449 habet
533 2369 727 2445 Bononius
753 2371 792 2445 in
814 2368 964 2445 laudem
988 2367 1100 2469 hujus
1125 2369 1269 2466 operis,
1295 2367 1466 2447 discimus
1489 2370 1622 2456 etiam,
1652 2368 1730 2448 Bo·

114 2466 252 2540 oinium
281 2469 321 2541 in
362 2472 495 2549 eodem
525 2466 723 2545 secundum
763 2467 991 2566 exemplaria
1027 2465 1293 2550 adcuratisltme
1329 2467 1461 2566 scripta
1496 2468 1740 2545 emendando,

115 2585 260 2660 operam
282 2570 436 2647 navasle.
489 2565 689 2665 Epistulam
711 2565 818 2645 istam
842 2566 983 2664 excipit
1003 2564 1166 2665 Eiusdem
1187 2565 1388 2666 ffimonumi
1401 2565 1553 2644 >memes
1575 2563 1621 2641 Iu
1646 2564 1729 2644 Pri·

116 2660 387 2769 milmprefforis
413 2663 752 2756 Commmdutionem,
782 2660 893 2762 quod,
918 2662 1009 2742 licet
1031 2663 1202 2761 longius,
1230 2664 1421 2764 integrum
1445 2664 1641 2755 recitabo:¹
1721 2760 1724 2765 Ι
1882 2749 1885 2755 ,

468 2766 612 2866 lingere
633 2762 798 2882 diſscosttis
819 2761 956 2839 cinctus
983 2763 1149 2863 quicunq3
1172 2761 1314 2841 meatu

568 2861 702 2963 Coepit:
733 2862 775 2941 ti
797 2861 940 2963 instgnes
966 2859 1071 2937 edidit
1093 2884 1159 2939 ure
1183 2875 1301 2941 notus:

465 2962 642 3040 Mercurio
691 2961 815 3036 enitore
829 2960 948 3058 satus:
974 2962 1136 3058 genitrice
1161 2960 1327 3038 Ill'inernu

565 3057 645 3134 Pru
669 3062 736 3133 itus
767 3053 914 3134 estnec
927 3054 1054 3154 semine
1076 3059 1193 3132 mentis
1216 3069 1302 3138 eros.

467 3156 552 3238 Non
581 3154 673 3232 ilium
706 3153 856 3232 Cereris:
881 3181 948 3232 non
970 3153 1062 3230 iilum
1082 3179 1166 3230 curo
1195 3153 1287 3247 Liui

575 3252 728 3333 Terrenus
752 3256 857 3331 tenuit
877 3280 947 3335 non
969 3255 1042 3354 opis
1064 3251 1150 3329 ullus
1177 3278 1285 3334 umor.

464 3352 579 3458 copta
608 3352 771 3433 librorum
794 3353 925 3455 cupidis
949 3351 1047 3429 modo
1074 3377 1158 3429 rura
1181 3352 1300 3429 latinis

573 3451 657 3553 Cum
673 3455 788 3570 soret:
817 3451 972 3554 auspiciis
995 3450 1084 3528 illius
1107 3451 1221 3551 ampla
1241 3448 1342 3531 uenis.

471 3549 649 3654 Improbus
668 3554 849 3628 innumeris
875 3545 1038 3627 librarius
1062 3563 1141 3626 onte
1160 3550 1295 3627 talentis

574 3646 677 3768 Quod
698 3647 825 3727 dabat:
852 3651 979 3750 exigua
1005 3675 1092 3724 nunc
1111 3650 1198 3752 stipe
1221 3645 1337 3727 uendit
1358 3671 1450 3752 opus.

471 3747 629 3855 Historiae
656 3775 772 3827 uenere
802 3746 881 3825 liti.
907 3746 1101 3849 se‘Piinius
1128 3749 1227 3827 omni.

576 3847 756 3951 Gymnusto
780 3847 903 3926 iuiiont
934 3846 1061 3923 Tullius
1083 3859 1164 3945 otq3
1186 3847 1306 3924 Maro.

473 3947 615 4029 Nullum
642 3973 762 4047 opusc
783 3949 885 4049 nostri
898 3947 1033 4044 filicem
1057 3948 1216 4045 temporis
1235 3957 1342 4027 artem
1458 3950 1466 3971 ⁸

579 4045 684 4125 Cetos
703 4048 740 4122 in
764 4069 889 4122 arcano
907 4042 1103 4121 bibliotheca
1116 4047 1197 4146 fitu.

467 4140 584 4247 Quem
613 4142 710 4262 modo
734 4168 819 4260 eeu,
848 4167 942 4259 mrem
964 4144 1028 4218 uix
1043 4144 1200 4242 princeps
1223 4138 1321 4219 modo
1344 4163 1448 4218 rurus
1467 4134 1618 4217 mabar.

477 4238 1431 4439 nsaattsltsitstlsstetisti·¹
1501 4328 1510 4333 ·

574 4443 758 4519 Plurimus.
779 4437 920 4517 ceribus
946 4463 1012 4538 quo
1033 4439 1163 4514 ratione
1184 4437 1288 4514 docet.

478 4538 583 4619 Hunc
606 4566 674 4617 eme
688 4544 757 4641 gqui
791 4543 896 4640 ingun
923 4539 1032 4615 cultus
1053 4538 1151 4639 cupis,
1168 4536 1229 4652 ff
1248 4538 1359 4613 latim
1831 4608 1840 4623 ,
1876 4606 1883 4621 ,

578 4636 684 4724 Hunc
704 4639 998 4742 ernegedmntieus
1023 4636 1082 4737 qui
1105 4654 1199 4736 rums
1218 4634 1280 4740 effi
1299 4631 1417 4712 imur.
1604 4720 1692 4829 Qua
1751 4652 1755 4658 ’
1825 4682 1828 4686 ⁴
