3892 5182
182 283 208 376 a
568 404 571 408 ‚
831 252 1156 379 effh-

182 462 259 558 lx.
300 461 565 599 Decretnm.
584 456 781 598 Gratiani
823 485 923 551 cum
945 452 1178 665 'apparatu
1225 452 1533 598 bartholomei
1560 461 1824 567 brixiense..

295 578 505 675 Venetus
528 603 606 695 per
629 572 870 668 Nrcolaum
898 577 1058 691 lerion
1083 604 1198 669 anuo
1237 601 1433 691 147701n
1458 577 1498 668 F
1502 579 1562 668 01.
1590 605 1732 694 magn.

341 775 427 853 Hoc
447 773 651 852 vastissimae
665 772 776 850 molis
799 796 892 871 opus
910 773 1061 870 gothico
1083 772 1290 852 charadere
1306 772 1508 882 admodum
1523 774 1712 854 luculento
1734 777 1810 857 irn-

182 872 338 976 preli'um
359 874 410 950 est
434 873 473 949 in
498 874 641 951 duabus
664 872 866 958 columnis,
892 872 1036 969 quaein
1056 875 1180 949 medio
1200 873 1277 948 fere
1293 873 1439 969 paginae
1461 869 1538 949 fitne
1560 873 1653 952 sunt.
1703 876 1818 967 Qua·-

86 1062 97 1077 ‚
182 992 268 1052 tuor
291 987 480 1062 extremos
508 973 696 1068 margines
719 983 937 1068 apparatus,
962 969 1020 1046 seu
1041 968 1165 1068 gloffae
1187 982 1380 1066 occupant.
1446 971 1488 1045 ln
1514 970 1681 1070 supremo
1704 998 1809 1057 ruar-

181 1073 268 1170 gine
285 1083 468 1148 notantur
496 1069 744 1145 distinsiiones
776 1069 814 1146 ὅ(
842 1069 986 1164 capita,
1012 1094 1045 1145 e.
1060 1093 1095 1164 g.
1115 1067 1177 1144 Di.
1195 1066 1358 1143 LXXX.
1387 1064 1448 1145 Co.
1464 1067 1558 1144 XII.
1611 1072 1804 1162 Rubricae,

65 1244 72 1265 ,
181 1193 267 1270 quae
298 1181 498 1255 vocantur,
530 1170 640 1244 rubro
661 1169 775 1242 etiarn
795 1166 920 1242 colore
945 1165 1123 1263 imprellae
1144 1168 1235 1242 lunt.
1312 1166 1475 1242 lnitiales
1501 1168 1638 1245 litterae
1660 1172 1699 1246 in
1714 1168 1805 1270 'ipso

181 1283 290 1347 textu
315 1267 454 1344 desunt.
508 1266 551 1341 ln
569 1263 690 1362 glossis
713 1264 968 1362 typographus
984 1286 1118 1361 parvas
1135 1265 1313 1341 adhibuit.
1363 1265 1500 1340 Desunt
1518 1268 1632 1344 etiam
1648 1271 1807 1366 paginu-

180 1391 264 1446 rum
284 1365 445 1450 numeri,
471 1362 510 1441 δι
529 1363 711 1440 custodes.
758 1359 904 1439 Adsunt
932 1359 1065 1438 verost
1094 1375 1246 1440 natutae.
1285 1365 1437 1439 charta
1457 1363 1564 1459 plane
1583 1358 1805 1462 praestantis·

180 1465 269 1542 lima
291 1462 353 1541 est.
402 1462 445 1538 Iu
468 1461 542 1536 line
557 1462 639 1537 haec
660 1472 808 1537 tautum
831 1461 1039 1556 leguntur:¹
1091 1473 1220 1560 ecreto4
1241 1461 1348 1536 codex
1369 1460 1539 1562 impreffler
1552 1463 1728 1563 stngulori
1743 1467 1803 1545 iu·

178 1564 306 1666 dustria
332 1573 413 1657 otq3
449 1558 592 1658 impensa
622 1559 763 1636 Il⁷icoloi
790 1553 927 1673 Jeesrrn
965 1553 1091 1633 Gallici
1126 1559 1282 1637 Uenetiir.
1323 1559 1379 1635 M.
1405 1586 1488 1635 cccc.
1511 1558 1662 1660 Lxrror‘j'.
1690 1561 1802 1643 Stre·

179 1657 477 1838 guomffloogfice
491 1659 666 1831 ηιαοσὲνηοΒ
699 1653 1002 1852 Mergcrniffihugulsi
1019 1658 1196 1834 {ligonis
1211 1659 1373 1832 Orlandis.
1416 1658 1544 1831 tSilent
1567 1684 1658 1740 vero
1672 1663 1799 1745 dee!-

205 1785 266 1839 em
349 1780 536 1854 mergor,
592 1782 613 1832 e
668 1779 751 1843 ure,
829 1779 912 1841 ar,
1131 1780 1329 1834 amanus
1365 1782 1443 1834 uu.
1671 1785 1672 1789 ¹

179 2032 234 2130 X.
264 2027 446 2127 Nicolai
473 2026 527 2115 de
564 2018 806 2114 Tudelchis
832 2021 1047 2140 Archiep.
1084 2023 1402 2137 Panormitani,
1440 2032 1574 2143 vulgo
1601 1979 1796 2123 celeres

291 2144 449 2247 Siculi,
486 2142 899 2229 commentariorum
922 2139 967 2224 iu
993 2141 1178 2254 primum
1202 2144 1357 2232 librum
1385 2149 1669 2236 decretalium
1695 2147 1792 2237 Pare

117 2339 159 2357 ι.
286 2261 461 2471 {angoto
490 2255 810 2363 adaVeuetiis
848 2278 970 2368 1477.
1004 2283 1084 2371 per
1115 2256 1350 2350 Nicolaum
1378 2257 1551 2376 Jeuson.
1593 2289 1620 2350 2
1653 2260 1809 2435 Tem...

335 2570 546 2670 Imprellum
561 2572 707 2649 esthon
728 2591 822 2668 opus
850 2568 1055 2645 charatiere
1074 2568 1224 2661 gothico
1248 2570 1288 2646 in
1313 2568 1455 2649 duabus
1479 2576 1662 2652 columnis
1684 2576 1792 2657 chor
1830 2640 1834 2651 .

173 2692 226 2754 tae
239 2673 440 2749 admodum
463 2671 613 2756 nitidae,
639 2691 723 2765 quae
747 2667 889 2762 amplos
908 2666 1019 2739 habet
1041 2667 1237 2760 margines.
1289 2670 1329 2745 ln
1344 2671 1518 2767 superiori
1538 2677 1705 2773 margine
1719 2696 1807 2755 ero-'-

173 2787 275 2851 tatur
296 2770 447 2853 titulus,
470 2768 533 2863 qui
550 2768 767 2863 exponitur,
788 2789 819 2840 e.
840 2787 876 2860 g.
898 2761 955 2836 De
973 2760 1135 2859 consuetu.
1161 2802 1201 2819 ·-
1246 2765 1303 2840 De
1318 2769 1434 2870 pessel.
1452 2773 1561 2869 prelo.
1630 2775 1809 2872 Pagiw

172 2895 256 2949 rum
272 2886 363 2945 vero
380 2866 544 2952 numeri,
566 2863 792 2941 &custodes
815 2861 952 2937 desunt.
1003 2861 1165 2973 Litteras
1196 2864 1357 2942 initiales
1378 2890 1511 2965 parvas
1530 2886 1689 2971 typogra
1715 2866 1802 2953 btt‘o'

196 2971 387 3062 letumque
406 2962 560 3060 adjecit:
585 2961 678 3060 saepe
696 2976 822 3037 tamen
842 2957 971 3035 omisit.
1024 2959 1233 3055 Signaturae
1256 2965 1395 3041 adsunt.
1445 2968 1569 3043 Prima
1585 2992 1671 3066 pars
1690 2896 1789 3049 Kane

88 3109 93 3118 ·
168 2994 281 3145 labet
304 3062 616 3160 subscriptionem:
648 3060 723 3135 Drii
742 3056 872 3134 obbatis
896 3059 991 3153 ficuli
1000 3080 1053 3175 pe
1069 3061 1182 3156 primo
1194 3059 1265 3170 [ῃ
1285 3064 1365 3162 {mo
1386 3064 1599 3142 decretalium
1621 3069 1788 3167 elegen.

160 3169 244 3270 strrre
273 3161 420 3238 emidoto
443 3159 592 3258 feliciter
623 3160 773 3256 explicit.
800 3181 864 3254 per
894 3155 1044 3232 Nicolou
1078 3153 1214 3261 Jeusorr
1248 3160 1405 3261 gallicum
1447 3165 1594 3241 Ueneriis
1630 3169 1737 3265 imper
1762 3180 1804 3243 o-

166 3263 234 3342 llll
263 3288 344 3336 cccc.
357 3259 513 3359 Lxxvij..
534 3256 589 3333 die
613 3260 727 3356 xxvij.
754 3251 949 3332 novembris.
999 3256 1091 3331 Pars
1110 3256 1264 3334 secunda
1287 3261 1416 3358 incipit
1439 3262 1495 3337 De
1512 3266 1617 3363 officio
1635 3264 1678 3343 8
1689 3273 1786 3364 prore

166 3360 288 3440 iudicis
302 3359 447 3458 delegati
471 3359 567 3447 brea.
619 3355 841 3456 Imprelsroni
864 3351 973 3450 hujus
990 3353 1106 3451 partis
1128 3354 1213 3430 finis
1236 3357 1287 3434 est
1302 3357 1492 3457 imposrtus
1507 3384 1604 3439 anno
1626 3363 1684 3441 M.
1697 3380 1799 3443 ecre.

170 3462 314 3556 dxxvij.
332 3455 395 3532 elie.
418 3479 455 3531 re.
481 3451 670 3531 decembris.
722 3450 785 3529 An
805 3449 957 3547 reliquae
978 3453 1090 3527 etiam
1111 3468 1235 3549 partes
1250 3455 1359 3554 hujus
1372 3461 1494 3557 operis
1516 3485 1614 3538 anno
1630 3461 1786 3561 sequen·

165 3562 195 3635 ti
222 3582 244 3634 a
264 3556 419 3632 Nicolao
436 3553 565 3653 Jenlon
585 3555 723 3630 fuerint
747 3550 849 3649 typis
879 3549 1037 3633 exculte,
1065 3551 1156 3626 mihi
1179 3553 1327 3649 quidem
1347 3582 1422 3634 non
1440 3559 1589 3636 constat.
1638 3562 1786 3640 Praeter

165 3653 433 3734 commentaria
457 3651 557 3728 enirn
575 3653 615 3728 in
635 3653 799 3747 Prienam
816 3660 960 3747 partem
978 3647 1071 3725 nihil
1093 3649 1210 3727 exstat
1232 3653 1273 3730 in
1297 3654 1530 3736 Bibliotheca
1553 3658 1676 3739 nostra
1695 3682 1785 3739 aon·

164 3754 320 3834 demica.

162 3982 242 4078 XI.
283 3979 329 4070 S.
359 3976 674 4073 bonaventura
708 3979 755 4069 in
792 3975 950 4068 librum
990 3977 1052 4070 Il.
1095 3976 1416 4075 sententiarum.
1459 3983 1667 4080 Veneriis
1698 4012 1785 4103 per

265 4090 602 4188 Theodorieum
633 4101 689 4189 de
712 4095 1004 4219 Reynsburch
1031 4096 1076 4188 &
1106 4099 1384 4218 Reyualdum
1417 4102 1472 4192 de
1504 4101 1781 4219 Novimagio

265 4239 382 4304 anno
412 4237 537 4327 1477,
561 4214 606 4303 iu
631 4211 736 4309 Fol.
760 4212 870 4300 min.
1769 4212 1777 4221 ’

312 4405 357 4487 In
379 4408 501 4484 fronte
518 4407 718 4484 voluminis
747 4407 827 4486 haec
852 4404 965 4482 verba
981 4407 1168 4504 'leguntur
1190 4413 1376 4511 impressa:
1420 4411 1501 4492 istri
1524 4415 1782 4520 excelleetrffnre·

151 4506 297 4610 &suere
319 4503 482 4620 theologie
505 4503 578 4579 diui
598 4530 753 4622 enonarce
765 4506 942 4625 seremiqss⁸
970 4504 1153 4622 epseffioris:
1170 4512 1241 4626 sup
1265 4517 1307 4590 2⁰.
1327 4511 1435 4612 serio4
1457 4514 1520 4592 deii
1533 4515 1778 4601 Borrouentrere

147 4613 264 4708 minore
284 4629 329 4686 ex
349 4601 467 4685 oedem
487 4627 568 4705 opos
591 4603 829 4712 pelorrfflrerer
839 4606 992 4705 solenter
1012 4619 1140 4708 rectprt.
1189 4611 1357 4785 stupidae
1370 4613 1518 4714 paginae
1534 4617 1775 4795 inlffisaeco·
