<?xml version="1.0" encoding="UTF-8"?>
<!DOCTYPE html PUBLIC "-//W3C//DTD XHTML 1.0 Transitional//EN"
    "http://www.w3.org/TR/xhtml1/DTD/xhtml1-transitional.dtd">
<html xmlns="http://www.w3.org/1999/xhtml" xml:lang="en" lang="en">
 <head>
  <title>
</title>
<meta http-equiv="Content-Type" content="text/html;charset=utf-8" />
  <meta name='ocr-system' content='tesseract 3.04.00' />
  <meta name='ocr-capabilities' content='ocr_page ocr_carea ocr_par ocr_line ocrx_word'/>
</head>
<body>
  <div class='ocr_page' id='page_1' title='image "./bibliothecacade00biblgoog_0386.png"; bbox 0 0 3892 5182; ppageno 0'>
   <div class='ocr_carea' id='block_1_1' title="bbox 199 284 1165 409">
    <p class='ocr_par' dir='ltr' id='par_1_1' title="bbox 199 284 1165 409">
     <span class='ocr_line' id='line_1_1' title="bbox 199 284 1165 409; baseline 0.008 -8"><span class='ocrx_word' id='word_1_1' title='bbox 199 298 285 401; x_wconf 81' lang='lat'><em>1⁶⁶</em></span> <span class='ocrx_word' id='word_1_2' title='bbox 349 334 354 343; x_wconf 85' lang='lat'><em>·</em></span> <span class='ocrx_word' id='word_1_3' title='bbox 838 284 1165 409; x_wconf 49' lang='grc' dir='ltr'>ψ</span> 
     </span>
    </p>
   </div>
   <div class='ocr_carea' id='block_1_2' title="bbox 183 476 1737 907">
    <p class='ocr_par' dir='ltr' id='par_1_2' title="bbox 183 476 1737 907">
     <span class='ocr_line' id='line_1_2' title="bbox 183 476 1733 603; baseline 0.001 -26"><span class='ocrx_word' id='word_1_4' title='bbox 183 476 270 583; x_wconf 81' lang='lat' dir='ltr'><em>libri</em></span> <span class='ocrx_word' id='word_1_5' title='bbox 289 493 470 592; x_wconf 77' lang='lat' dir='ltr'><em>crpitum,</em></span> <span class='ocrx_word' id='word_1_6' title='bbox 499 494 564 591; x_wconf 84' lang='lat' dir='ltr'><em>qui</em></span> <span class='ocrx_word' id='word_1_7' title='bbox 585 491 807 569; x_wconf 86' lang='lat' dir='ltr'><em>terminatur</em></span> <span class='ocrx_word' id='word_1_8' title='bbox 830 493 869 569; x_wconf 90' lang='lat' dir='ltr'><em>in</em></span> <span class='ocrx_word' id='word_1_9' title='bbox 896 494 1015 593; x_wconf 87' lang='lat' dir='ltr'><em>prima</em></span> <span class='ocrx_word' id='word_1_10' title='bbox 1037 494 1160 573; x_wconf 87' lang='lat' dir='ltr'><em>ultimi</em></span> <span class='ocrx_word' id='word_1_11' title='bbox 1181 494 1263 573; x_wconf 87' lang='lat' dir='ltr'><em>solii</em></span> <span class='ocrx_word' id='word_1_12' title='bbox 1287 501 1441 595; x_wconf 78' lang='lat' dir='ltr'><em>pagina,</em></span> <span class='ocrx_word' id='word_1_13' title='bbox 1466 500 1563 579; x_wconf 82' lang='lat' dir='ltr'><em>linea</em></span> <span class='ocrx_word' id='word_1_14' title='bbox 1580 532 1637 603; x_wconf 70' lang='lat'><em>23.</em></span> <span class='ocrx_word' id='word_1_15' title='bbox 1688 510 1733 589; x_wconf 79' lang='lat' dir='ltr'><em>In</em></span> 
     </span>
     <span class='ocr_line' id='line_1_3' title="bbox 184 588 1737 711; baseline 0.005 -36"><span class='ocrx_word' id='word_1_16' title='bbox 184 601 270 675; x_wconf 87' lang='lat' dir='ltr'><em>dem</em></span> <span class='ocrx_word' id='word_1_17' title='bbox 292 596 427 693; x_wconf 78' lang='lat' dir='ltr'><em>pagina</em></span> <span class='ocrx_word' id='word_1_18' title='bbox 448 592 583 690; x_wconf 82' lang='lat' dir='ltr'><em>legitur</em></span> <span class='ocrx_word' id='word_1_19' title='bbox 606 588 764 687; x_wconf 78' lang='lat' dir='ltr'><em>Explicit</em></span> <span class='ocrx_word' id='word_1_20' title='bbox 784 588 915 667; x_wconf 80' lang='lat' dir='ltr'><em>Tubulo</em></span> <span class='ocrx_word' id='word_1_21' title='bbox 929 592 1001 671; x_wconf 72' lang='lat' dir='ltr'><em>&amp;u</em></span> <span class='ocrx_word' id='word_1_22' title='bbox 1024 592 1064 671; x_wconf 69' lang='grc' dir='ltr'><em>ἂι</em></span> <span class='ocrx_word' id='word_1_23' title='bbox 1089 594 1291 691; x_wconf 79' lang='lat' dir='ltr'><em>explicatio</em></span> <span class='ocrx_word' id='word_1_24' title='bbox 1312 600 1402 693; x_wconf 90' lang='lat' dir='ltr'><em>quid</em></span> <span class='ocrx_word' id='word_1_25' title='bbox 1427 598 1470 678; x_wconf 87' lang='lat' dir='ltr'><em>fit</em></span> <span class='ocrx_word' id='word_1_26' title='bbox 1501 600 1737 711; x_wconf 78' lang='lat' dir='ltr'><em>Appolog&#39;ur(</em></span> 
     </span>
     <span class='ocr_line' id='line_1_4' title="bbox 185 686 1737 795; baseline 0.005 -25"><span class='ocrx_word' id='word_1_27' title='bbox 185 695 436 777; x_wconf 84' lang='lat' dir='ltr'><em>Meminerunt</em></span> <span class='ocrx_word' id='word_1_28' title='bbox 458 690 570 791; x_wconf 80' lang='lat' dir='ltr'><em>hujus</em></span> <span class='ocrx_word' id='word_1_29' title='bbox 592 690 768 765; x_wconf 86' lang='lat' dir='ltr'>editionis</span> <span class='ocrx_word' id='word_1_30' title='bbox 790 686 929 767; x_wconf 78' lang='lat' dir='ltr'><em>Austor</em></span> <span class='ocrx_word' id='word_1_31' title='bbox 950 688 997 765; x_wconf 79' lang='lat' dir='ltr'><em>ilo</em></span> <span class='ocrx_word' id='word_1_32' title='bbox 1027 690 1213 791; x_wconf 74' lang='lat' dir='ltr'><em>Gubisogue</em></span> <span class='ocrx_word' id='word_1_33' title='bbox 1235 694 1293 771; x_wconf 83' lang='lat' dir='ltr'><em>des</em></span> <span class='ocrx_word' id='word_1_34' title='bbox 1317 693 1419 772; x_wconf 79' lang='lat' dir='ltr'><em>libres</em></span> <span class='ocrx_word' id='word_1_35' title='bbox 1443 697 1485 773; x_wconf 80' lang='lat' dir='ltr'><em>de</em></span> <span class='ocrx_word' id='word_1_36' title='bbox 1502 700 1565 795; x_wconf 43' lang='lat' dir='ltr'><em>‚scu</em></span> <span class='ocrx_word' id='word_1_37' title='bbox 1591 690 1644 781; x_wconf 78' lang='lat' dir='ltr'><em>sb.</em></span> <span class='ocrx_word' id='word_1_38' title='bbox 1671 705 1704 782; x_wconf 80' lang='lat' dir='ltr'><em>le</em></span> <span class='ocrx_word' id='word_1_39' title='bbox 1730 766 1737 785; x_wconf 87' lang='grc'><em>,</em></span> 
     </span>
     <span class='ocr_line' id='line_1_5' title="bbox 184 787 1734 907; baseline 0.005 -37"><span class='ocrx_word' id='word_1_40' title='bbox 184 796 225 871; x_wconf 78' lang='lat' dir='ltr'><em>ule</em></span> <span class='ocrx_word' id='word_1_41' title='bbox 245 792 281 869; x_wconf 85' lang='lat' dir='ltr'><em>lo</em></span> <span class='ocrx_word' id='word_1_42' title='bbox 309 788 457 868; x_wconf 83' lang='lat' dir='ltr'><em>Voliiere</em></span> <span class='ocrx_word' id='word_1_43' title='bbox 476 791 523 869; x_wconf 86' lang='lat' dir='ltr'><em>N.</em></span> <span class='ocrx_word' id='word_1_44' title='bbox 541 815 625 889; x_wconf 76' lang='lat'><em>39¹·</em></span> <span class='ocrx_word' id='word_1_45' title='bbox 646 789 685 868; x_wconf 78' lang='lat' dir='ltr'><em>bt</em></span> <span class='ocrx_word' id='word_1_46' title='bbox 704 788 763 867; x_wconf 83' lang='lat' dir='ltr'><em>ci.</em></span> <span class='ocrx_word' id='word_1_47' title='bbox 783 788 915 895; x_wconf 75' lang='lat' dir='ltr'><em>Strau&#39;s</em></span> <span class='ocrx_word' id='word_1_48' title='bbox 936 789 977 863; x_wconf 90' lang='lat' dir='ltr'><em>in</em></span> <span class='ocrx_word' id='word_1_49' title='bbox 989 787 1199 869; x_wconf 83' lang='lat' dir='ltr'><em>Monummt.</em></span> <span class='ocrx_word' id='word_1_50' title='bbox 1221 790 1434 895; x_wconf 76' lang='lat' dir='ltr'><em>Typogropb.</em></span> <span class='ocrx_word' id='word_1_51' title='bbox 1450 796 1615 899; x_wconf 82' lang='lat' dir='ltr'><em>Rrbdors.</em></span> <span class='ocrx_word' id='word_1_52' title='bbox 1646 826 1734 907; x_wconf 70' lang='lat' dir='ltr'><em>pag.</em></span> 
     </span>
    </p>
   </div>
   <div class='ocr_carea' id='block_1_3' title="bbox 113 1016 1737 1250">
    <p class='ocr_par' dir='ltr' id='par_1_3' title="bbox 113 1016 1737 1250">
     <span class='ocr_line' id='line_1_6' title="bbox 184 1016 1737 1137; baseline 0.01 -29"><span class='ocrx_word' id='word_1_53' title='bbox 184 1016 394 1121; x_wconf 77' lang='lat' dir='ltr'><strong>CXLIV.</strong></span> <span class='ocrx_word' id='word_1_54' title='bbox 434 1016 779 1108; x_wconf 76' lang='lat' dir='ltr'>vocabularium</span> <span class='ocrx_word' id='word_1_55' title='bbox 813 1020 949 1109; x_wconf 85' lang='lat' dir='ltr'><em>lutino</em></span> <span class='ocrx_word' id='word_1_56' title='bbox 974 1070 992 1087; x_wconf 92' lang='lat'><strong>·</strong></span> <span class='ocrx_word' id='word_1_57' title='bbox 1013 1022 1314 1137; x_wconf 81' lang='lat' dir='ltr'><em>germanicum</em></span> <span class='ocrx_word' id='word_1_58' title='bbox 1340 1026 1393 1113; x_wconf 83' lang='lat' dir='ltr'><em>ab</em></span> <span class='ocrx_word' id='word_1_59' title='bbox 1418 1029 1590 1124; x_wconf 85' lang='lat' dir='ltr'><em>incerto</em></span> <span class='ocrx_word' id='word_1_60' title='bbox 1626 1034 1737 1131; x_wconf 74' lang='lat' dir='ltr'><em>subi·</em></span> 
     </span>
     <span class='ocr_line' id='line_1_7' title="bbox 113 1132 939 1250; baseline -0.002 -27"><span class='ocrx_word' id='word_1_61' title='bbox 113 1180 121 1189; x_wconf 91' lang='lat'>·</span> <span class='ocrx_word' id='word_1_62' title='bbox 265 1134 599 1250; x_wconf 82' lang='lat' dir='ltr'><em>compilatum.</em></span> <span class='ocrx_word' id='word_1_63' title='bbox 633 1134 677 1221; x_wconf 89' lang='lat' dir='ltr'><em>in</em></span> <span class='ocrx_word' id='word_1_64' title='bbox 700 1132 804 1223; x_wconf 79' lang='lat' dir='ltr'><em>Ful.</em></span> <span class='ocrx_word' id='word_1_65' title='bbox 834 1134 939 1225; x_wconf 88' lang='lat' dir='ltr'><em>min.</em></span> 
     </span>
    </p>
   </div>
   <div class='ocr_carea' id='block_1_4' title="bbox 55 1328 1736 3799">
    <p class='ocr_par' dir='ltr' id='par_1_4' title="bbox 55 1328 1736 2023">
     <span class='ocr_line' id='line_1_8' title="bbox 353 1328 1736 1453; baseline 0.015 -44"><span class='ocrx_word' id='word_1_66' title='bbox 353 1328 554 1409; x_wconf 73' lang='lat' dir='ltr'><em>bulioiin</em></span> <span class='ocrx_word' id='word_1_67' title='bbox 581 1332 801 1431; x_wconf 75' lang='lat' dir='ltr'>praefatione</span> <span class='ocrx_word' id='word_1_68' title='bbox 823 1333 946 1430; x_wconf 87' lang='lat' dir='ltr'><em>operi,</em></span> <span class='ocrx_word' id='word_1_69' title='bbox 978 1329 1051 1409; x_wconf 86' lang='lat' dir='ltr'><em>fine</em></span> <span class='ocrx_word' id='word_1_70' title='bbox 1073 1332 1148 1409; x_wconf 92' lang='lat' dir='ltr'><em>ullo</em></span> <span class='ocrx_word' id='word_1_71' title='bbox 1167 1333 1298 1411; x_wconf 87' lang='lat' dir='ltr'><em>titulo.</em></span> <span class='ocrx_word' id='word_1_72' title='bbox 1327 1356 1391 1415; x_wconf 88' lang='lat' dir='ltr'><em>aut</em></span> <span class='ocrx_word' id='word_1_73' title='bbox 1420 1343 1673 1444; x_wconf 83' lang='lat' dir='ltr'><em>inscriptione,</em></span> <span class='ocrx_word' id='word_1_74' title='bbox 1708 1376 1736 1453; x_wconf 70' lang='lat' dir='ltr'><em>n</em></span> 
     </span>
     <span class='ocr_line' id='line_1_9' title="bbox 182 1428 1736 1529; baseline 0.014 -22"><span class='ocrx_word' id='word_1_75' title='bbox 182 1432 258 1513; x_wconf 76' lang='lat' dir='ltr'><em>rixa</em></span> <span class='ocrx_word' id='word_1_76' title='bbox 281 1456 304 1509; x_wconf 92' lang='lat' dir='ltr'><em>o</em></span> <span class='ocrx_word' id='word_1_77' title='bbox 330 1432 403 1509; x_wconf 86' lang='lat' dir='ltr'><em>eris</em></span> <span class='ocrx_word' id='word_1_78' title='bbox 432 1428 482 1519; x_wconf 87' lang='lat' dir='ltr'><em>sui</em></span> <span class='ocrx_word' id='word_1_79' title='bbox 505 1432 750 1507; x_wconf 89' lang='lat' dir='ltr'><em>oeconomiam</em></span> <span class='ocrx_word' id='word_1_80' title='bbox 775 1431 1008 1527; x_wconf 85' lang='lat' dir='ltr'><em>sequentibus</em></span> <span class='ocrx_word' id='word_1_81' title='bbox 1031 1434 1153 1508; x_wconf 82' lang='lat' dir='ltr'><em>verbis</em></span> <span class='ocrx_word' id='word_1_82' title='bbox 1177 1436 1363 1529; x_wconf 75' lang='lat' dir='ltr'>exposuit:</span> <span class='ocrx_word' id='word_1_83' title='bbox 1392 1441 1467 1514; x_wconf 83' lang='lat' dir='ltr'><em>Nm</em></span> <span class='ocrx_word' id='word_1_84' title='bbox 1481 1484 1498 1501; x_wconf 91' lang='lat'><strong>·</strong></span> <span class='ocrx_word' id='word_1_85' title='bbox 1512 1486 1527 1500; x_wconf 94' lang='lat'><em>-</em></span> <span class='ocrx_word' id='word_1_86' title='bbox 1543 1444 1736 1529; x_wconf 79' lang='lat' dir='ltr'><em>nocabuiari</em></span> 
     </span>
     <span class='ocr_line' id='line_1_10' title="bbox 182 1454 1736 1647; baseline 0.014 -43"><span class='ocrx_word' id='word_1_87' title='bbox 182 1558 226 1610; x_wconf 79' lang='lat' dir='ltr'><em>ex</em></span> <span class='ocrx_word' id='word_1_88' title='bbox 251 1454 477 1633; x_wconf 58' lang='lat' dir='ltr'><em>tillirfimibus</em></span> <span class='ocrx_word' id='word_1_89' title='bbox 507 1533 672 1630; x_wconf 80' lang='lat' dir='ltr'><em>majorum</em></span> <span class='ocrx_word' id='word_1_90' title='bbox 711 1524 923 1629; x_wconf 75' lang='lat' dir='ltr'><em>dogmatibus</em></span> <span class='ocrx_word' id='word_1_91' title='bbox 957 1526 1004 1602; x_wconf 75' lang='lat' dir='ltr'><em>oui</em></span> <span class='ocrx_word' id='word_1_92' title='bbox 1028 1554 1212 1631; x_wconf 75' lang='lat' dir='ltr'><em>pauperiem</em></span> <span class='ocrx_word' id='word_1_93' title='bbox 1244 1556 1285 1605; x_wconf 89' lang='lat' dir='ltr'><em>oc</em></span> <span class='ocrx_word' id='word_1_94' title='bbox 1314 1538 1555 1635; x_wconf 80' lang='lat' dir='ltr'><em>stmpliciornm</em></span> <span class='ocrx_word' id='word_1_95' title='bbox 1586 1544 1736 1647; x_wconf 73' lang='lat' dir='ltr'><em>philosop</em></span> 
     </span>
     <span class='ocr_line' id='line_1_11' title="bbox 181 1624 1736 1746; baseline 0.008 -40"><span class='ocrx_word' id='word_1_96' title='bbox 181 1644 369 1707; x_wconf 77' lang='lat' dir='ltr'><em>amalorum</em></span> <span class='ocrx_word' id='word_1_97' title='bbox 380 1626 560 1728; x_wconf 65' lang='lat' dir='ltr'><em>mosellum</em></span> <span class='ocrx_word' id='word_1_98' title='bbox 566 1625 749 1728; x_wconf 83' lang='lat' dir='ltr'><em>secundum</em></span> <span class='ocrx_word' id='word_1_99' title='bbox 768 1624 936 1729; x_wconf 71' lang='lat' dir='ltr'><strong><em>alphabeti</em></strong></span> <span class='ocrx_word' id='word_1_100' title='bbox 957 1625 1107 1703; x_wconf 79' lang='lat' dir='ltr'><em>ordinem</em></span> <span class='ocrx_word' id='word_1_101' title='bbox 1130 1626 1325 1707; x_wconf 80' lang='lat' dir='ltr'><em>abbreviare</em></span> <span class='ocrx_word' id='word_1_102' title='bbox 1346 1638 1450 1711; x_wconf 88' lang='lat' dir='ltr'><em>multo</em></span> <span class='ocrx_word' id='word_1_103' title='bbox 1477 1638 1592 1716; x_wconf 75' lang='lat' dir='ltr'><em>lason</em></span> <span class='ocrx_word' id='word_1_104' title='bbox 1609 1646 1736 1746; x_wconf 68' lang='lat' dir='ltr'><em>studuit</em></span> 
     </span>
     <span class='ocr_line' id='line_1_12' title="bbox 181 1724 1723 1830; baseline 0.009 -23"><span class='ocrx_word' id='word_1_105' title='bbox 181 1732 217 1807; x_wconf 86' lang='lat' dir='ltr'><em>in</em></span> <span class='ocrx_word' id='word_1_106' title='bbox 236 1724 425 1805; x_wconf 77' lang='lat' dir='ltr'><em>rarioribus</em></span> <span class='ocrx_word' id='word_1_107' title='bbox 450 1752 516 1803; x_wconf 88' lang='lat' dir='ltr'><em>non</em></span> <span class='ocrx_word' id='word_1_108' title='bbox 538 1728 655 1830; x_wconf 79' lang='lat' dir='ltr'><em>omiffis</em></span> <span class='ocrx_word' id='word_1_109' title='bbox 677 1728 891 1801; x_wconf 84' lang='lat' dir='ltr'><em>trrnrinorum</em></span> <span class='ocrx_word' id='word_1_110' title='bbox 914 1724 1203 1825; x_wconf 31' lang='lat' dir='ltr'><em>,derivationilmm</em></span> <span class='ocrx_word' id='word_1_111' title='bbox 1235 1731 1270 1803; x_wconf 86' lang='lat' dir='ltr'><em>in</em></span> <span class='ocrx_word' id='word_1_112' title='bbox 1297 1738 1576 1825; x_wconf 79' lang='lat' dir='ltr'><em>communioribus</em></span> <span class='ocrx_word' id='word_1_113' title='bbox 1621 1744 1723 1825; x_wconf 80' lang='lat' dir='ltr'><em>lusos</em></span> 
     </span>
     <span class='ocr_line' id='line_1_13' title="bbox 182 1822 1736 1947; baseline 0.015 -49"><span class='ocrx_word' id='word_1_114' title='bbox 182 1854 257 1909; x_wconf 75' lang='lat' dir='ltr'><em>rum</em></span> <span class='ocrx_word' id='word_1_115' title='bbox 293 1826 534 1927; x_wconf 80' lang='lat' dir='ltr'><em>ignificutiones</em></span> <span class='ocrx_word' id='word_1_116' title='bbox 555 1826 702 1927; x_wconf 76' lang='lat' dir='ltr'><em>oppofito</em></span> <span class='ocrx_word' id='word_1_117' title='bbox 733 1824 873 1923; x_wconf 86' lang='lat' dir='ltr'><em>uulgari</em></span> <span class='ocrx_word' id='word_1_118' title='bbox 901 1822 1084 1899; x_wconf 74' lang='lat' dir='ltr'><em>theotonica</em></span> <span class='ocrx_word' id='word_1_119' title='bbox 1108 1826 1344 1928; x_wconf 74' lang='lat' dir='ltr'><em>rlrscripfimur.</em></span> <span class='ocrx_word' id='word_1_120' title='bbox 1396 1833 1456 1925; x_wconf 29' lang='lat' dir='ltr'><em>,In</em></span> <span class='ocrx_word' id='word_1_121' title='bbox 1482 1834 1535 1911; x_wconf 85' lang='lat' dir='ltr'><em>lu&#39;s</em></span> <span class='ocrx_word' id='word_1_122' title='bbox 1628 1842 1736 1947; x_wconf 63' lang='lat' dir='ltr'><em>iliis}</em></span> 
     </span>
     <span class='ocr_line' id='line_1_14' title="bbox 55 1923 1736 2023; baseline 0.012 -24"><span class='ocrx_word' id='word_1_123' title='bbox 55 1998 61 2009; x_wconf 84' lang='grc'>,</span> <span class='ocrx_word' id='word_1_124' title='bbox 182 1932 263 2003; x_wconf 81' lang='lat' dir='ltr'><em>tium</em></span> <span class='ocrx_word' id='word_1_125' title='bbox 283 1928 445 2001; x_wconf 82' lang='lat' dir='ltr'><em>orationis</em></span> <span class='ocrx_word' id='word_1_126' title='bbox 497 1949 628 1999; x_wconf 77' lang='lat' dir='ltr'><em>enorum</em></span> <span class='ocrx_word' id='word_1_127' title='bbox 657 1923 914 1998; x_wconf 77' lang='lat' dir='ltr'><em>declinationum</em></span> <span class='ocrx_word' id='word_1_128' title='bbox 937 1935 1006 1996; x_wconf 83' lang='lat' dir='ltr'><em>snm</em></span> <span class='ocrx_word' id='word_1_129' title='bbox 1030 1928 1197 2001; x_wconf 86' lang='lat' dir='ltr'><em>nominum</em></span> <span class='ocrx_word' id='word_1_130' title='bbox 1223 1953 1322 2023; x_wconf 78' lang='lat' dir='ltr'><em>quum</em></span> <span class='ocrx_word' id='word_1_131' title='bbox 1353 1931 1528 2009; x_wconf 79' lang='lat' dir='ltr'><em>veriorum</em></span> <span class='ocrx_word' id='word_1_132' title='bbox 1552 1951 1651 2015; x_wconf 83' lang='lat' dir='ltr'><em>notor</em></span> <span class='ocrx_word' id='word_1_133' title='bbox 1673 1944 1736 2021; x_wconf 78' lang='lat' dir='ltr'><em>sur.</em></span> 
     </span>
    </p>

    <p class='ocr_par' dir='ltr' id='par_1_5' title="bbox 113 1952 1736 3799">
     <span class='ocr_line' id='line_1_15' title="bbox 113 1952 1736 2143; baseline 0.015 -47"><span class='ocrx_word' id='word_1_134' title='bbox 113 2030 126 2043; x_wconf 90' lang='lat'>&#39;</span> <span class='ocrx_word' id='word_1_135' title='bbox 175 2037 411 2126; x_wconf 77' lang='lat' dir='ltr'><em>pronotanres.</em></span> <span class='ocrx_word' id='word_1_136' title='bbox 473 1952 533 2098; x_wconf 53' lang='lat' dir='ltr'><em>{x</em></span> <span class='ocrx_word' id='word_1_137' title='bbox 568 2024 626 2097; x_wconf 91' lang='lat' dir='ltr'><em>bis</em></span> <span class='ocrx_word' id='word_1_138' title='bbox 666 2025 806 2103; x_wconf 86' lang='lat' dir='ltr'><em>verbis,</em></span> <span class='ocrx_word' id='word_1_139' title='bbox 845 2024 927 2117; x_wconf 89' lang='lat' dir='ltr'><em>quis</em></span> <span class='ocrx_word' id='word_1_140' title='bbox 955 2022 1069 2098; x_wconf 86' lang='lat' dir='ltr'><em>fuerit</em></span> <span class='ocrx_word' id='word_1_141' title='bbox 1097 2025 1255 2099; x_wconf 72' lang='lat' dir='ltr'><em>autimis</em></span> <span class='ocrx_word' id='word_1_142' title='bbox 1291 2027 1439 2125; x_wconf 88' lang='lat' dir='ltr'><em>scopus,</em></span> <span class='ocrx_word' id='word_1_143' title='bbox 1465 2034 1576 2111; x_wconf 74' lang='lat' dir='ltr'><em>tenor</em></span> <span class='ocrx_word' id='word_1_144' title='bbox 1600 2039 1736 2143; x_wconf 58' lang='lat' dir='ltr'><em>intelli!</em></span> 
     </span>
     <span class='ocr_line' id='line_1_16' title="bbox 179 2119 1736 2228; baseline 0.012 -28"><span class='ocrx_word' id='word_1_145' title='bbox 179 2126 274 2201; x_wconf 86' lang='lat' dir='ltr'><em>C&#39;um</em></span> <span class='ocrx_word' id='word_1_146' title='bbox 301 2123 406 2222; x_wconf 84' lang='lat' dir='ltr'><em>plura</em></span> <span class='ocrx_word' id='word_1_147' title='bbox 430 2120 469 2199; x_wconf 88' lang='lat'>&amp;</span> <span class='ocrx_word' id='word_1_148' title='bbox 492 2119 632 2209; x_wconf 85' lang='lat' dir='ltr'><em>diuersa</em></span> <span class='ocrx_word' id='word_1_149' title='bbox 657 2120 729 2196; x_wconf 85' lang='lat' dir='ltr'><em>sine</em></span> <span class='ocrx_word' id='word_1_150' title='bbox 749 2120 937 2196; x_wconf 71' lang='lat' dir='ltr'><em>iustorum</em></span> <span class='ocrx_word' id='word_1_151' title='bbox 962 2122 1111 2196; x_wconf 87' lang='lat' dir='ltr'><em>nomine</em></span> <span class='ocrx_word' id='word_1_152' title='bbox 1144 2122 1291 2199; x_wconf 84' lang='lat' dir='ltr'><em>Saeculo</em></span> <span class='ocrx_word' id='word_1_153' title='bbox 1320 2126 1402 2204; x_wconf 88' lang='lat' dir='ltr'><em>XV.</em></span> <span class='ocrx_word' id='word_1_154' title='bbox 1438 2134 1661 2228; x_wconf 82' lang='lat' dir='ltr'><em>prodierint·</em></span> <span class='ocrx_word' id='word_1_155' title='bbox 1676 2142 1736 2219; x_wconf 78' lang='lat' dir='ltr'><em>lex</em></span> 
     </span>
     <span class='ocr_line' id='line_1_17' title="bbox 179 2217 1735 2329; baseline 0.013 -30"><span class='ocrx_word' id='word_1_156' title='bbox 179 2223 315 2309; x_wconf 87' lang='lat' dir='ltr'><em>latina,</em></span> <span class='ocrx_word' id='word_1_157' title='bbox 342 2219 599 2297; x_wconf 83' lang='lat' dir='ltr'><em>difficillimum</em></span> <span class='ocrx_word' id='word_1_158' title='bbox 620 2220 690 2307; x_wconf 88' lang='lat' dir='ltr'><em>est,</em></span> <span class='ocrx_word' id='word_1_159' title='bbox 722 2218 945 2315; x_wconf 74' lang='lat' dir='ltr'><em>singulorum</em></span> <span class='ocrx_word' id='word_1_160' title='bbox 970 2217 1144 2315; x_wconf 84' lang='lat' dir='ltr'><em>albgnare</em></span> <span class='ocrx_word' id='word_1_161' title='bbox 1166 2220 1343 2301; x_wconf 67' lang='lat' dir='ltr'><em>austures.</em></span> <span class='ocrx_word' id='word_1_162' title='bbox 1414 2228 1493 2305; x_wconf 86' lang='lat' dir='ltr'><em>Nec</em></span> <span class='ocrx_word' id='word_1_163' title='bbox 1524 2232 1608 2310; x_wconf 89' lang='lat' dir='ltr'><em>lane</em></span> <span class='ocrx_word' id='word_1_164' title='bbox 1636 2240 1735 2329; x_wconf 82' lang='lat' dir='ltr'><em>mult</em></span> 
     </span>
     <span class='ocr_line' id='line_1_18' title="bbox 175 2315 1735 2425; baseline 0.016 -36"><span class='ocrx_word' id='word_1_165' title='bbox 175 2321 336 2400; x_wconf 76' lang='lat' dir='ltr'><em>interest,</em></span> <span class='ocrx_word' id='word_1_166' title='bbox 386 2321 565 2409; x_wconf 82' lang='lat' dir='ltr'><em>Quamvis</em></span> <span class='ocrx_word' id='word_1_167' title='bbox 590 2320 690 2395; x_wconf 88' lang='lat' dir='ltr'><em>euim</em></span> <span class='ocrx_word' id='word_1_168' title='bbox 717 2318 901 2397; x_wconf 89' lang='lat' dir='ltr'><em>laudanda</em></span> <span class='ocrx_word' id='word_1_169' title='bbox 919 2315 963 2393; x_wconf 83' lang='lat' dir='ltr'><em>su</em></span> <span class='ocrx_word' id='word_1_170' title='bbox 981 2318 1180 2407; x_wconf 81' lang='lat' dir='ltr'><em>industria,</em></span> <span class='ocrx_word' id='word_1_171' title='bbox 1207 2322 1331 2399; x_wconf 90' lang='lat' dir='ltr'><em>minus</em></span> <span class='ocrx_word' id='word_1_172' title='bbox 1355 2338 1480 2402; x_wconf 81' lang='lat' dir='ltr'><em>tamen</em></span> <span class='ocrx_word' id='word_1_173' title='bbox 1508 2334 1735 2425; x_wconf 77' lang='lat' dir='ltr'><em>probandas</em></span> 
     </span>
     <span class='ocr_line' id='line_1_19' title="bbox 175 2416 1735 2527; baseline 0.013 -33"><span class='ocrx_word' id='word_1_174' title='bbox 175 2420 249 2519; x_wconf 88' lang='lat' dir='ltr'><em>ipsa</em></span> <span class='ocrx_word' id='word_1_175' title='bbox 271 2443 402 2517; x_wconf 87' lang='lat' dir='ltr'><em>opera,</em></span> <span class='ocrx_word' id='word_1_176' title='bbox 432 2420 490 2493; x_wconf 88' lang='lat' dir='ltr'><em>his</em></span> <span class='ocrx_word' id='word_1_177' title='bbox 514 2417 714 2515; x_wconf 87' lang='lat' dir='ltr'><em>praesertim</em></span> <span class='ocrx_word' id='word_1_178' title='bbox 734 2418 980 2512; x_wconf 82' lang='lat' dir='ltr'><em>temporibus,</em></span> <span class='ocrx_word' id='word_1_179' title='bbox 1010 2418 1142 2513; x_wconf 91' lang='lat' dir='ltr'><em>quibus</em></span> <span class='ocrx_word' id='word_1_180' title='bbox 1163 2416 1345 2517; x_wconf 84' lang='lat' dir='ltr'><em>ejusmodi</em></span> <span class='ocrx_word' id='word_1_181' title='bbox 1368 2424 1488 2501; x_wconf 78' lang='lat' dir='ltr'><em>lexico</em></span> <span class='ocrx_word' id='word_1_182' title='bbox 1512 2428 1623 2527; x_wconf 85' lang='lat' dir='ltr'><em>longe</em></span> <span class='ocrx_word' id='word_1_183' title='bbox 1642 2436 1735 2515; x_wconf 88' lang='lat' dir='ltr'><em>meli·</em></span> 
     </span>
     <span class='ocr_line' id='line_1_20' title="bbox 176 2515 1735 2621; baseline 0.012 -27"><span class='ocrx_word' id='word_1_184' title='bbox 176 2520 380 2615; x_wconf 76' lang='lat' dir='ltr'><em>suppetunt.</em></span> <span class='ocrx_word' id='word_1_185' title='bbox 451 2516 602 2592; x_wconf 89' lang='lat' dir='ltr'><em>Servire</em></span> <span class='ocrx_word' id='word_1_186' title='bbox 626 2530 750 2591; x_wconf 90' lang='lat' dir='ltr'><em>tamen</em></span> <span class='ocrx_word' id='word_1_187' title='bbox 776 2516 839 2589; x_wconf 92' lang='lat' dir='ltr'><em>illa</em></span> <span class='ocrx_word' id='word_1_188' title='bbox 860 2529 1035 2610; x_wconf 88' lang='lat' dir='ltr'><em>poterunt</em></span> <span class='ocrx_word' id='word_1_189' title='bbox 1064 2515 1231 2621; x_wconf 77' lang='lat' dir='ltr'><em>glossaria</em></span> <span class='ocrx_word' id='word_1_190' title='bbox 1254 2525 1466 2613; x_wconf 82' lang='lat' dir='ltr'><em>germanica</em></span> <span class='ocrx_word' id='word_1_191' title='bbox 1488 2530 1602 2605; x_wconf 89' lang='lat' dir='ltr'><em>medii</em></span> <span class='ocrx_word' id='word_1_192' title='bbox 1628 2520 1703 2611; x_wconf 73' lang='lat' dir='ltr'><em>aev&#39;i</em></span> <span class='ocrx_word' id='word_1_193' title='bbox 1728 2562 1735 2613; x_wconf 78' lang='grc' dir='ltr'><strong>ε</strong></span> 
     </span>
     <span class='ocr_line' id='line_1_21' title="bbox 174 2612 1735 2746; baseline 0.014 -54"><span class='ocrx_word' id='word_1_194' title='bbox 174 2619 372 2701; x_wconf 82' lang='lat' dir='ltr'><em>ornaturis.</em></span> <span class='ocrx_word' id='word_1_195' title='bbox 436 2614 484 2690; x_wconf 89' lang='lat' dir='ltr'><em>Et</em></span> <span class='ocrx_word' id='word_1_196' title='bbox 508 2616 548 2690; x_wconf 91' lang='lat' dir='ltr'><em>in</em></span> <span class='ocrx_word' id='word_1_197' title='bbox 575 2614 672 2689; x_wconf 90' lang='lat' dir='ltr'><em>hunc</em></span> <span class='ocrx_word' id='word_1_198' title='bbox 691 2613 803 2691; x_wconf 84' lang='lat' dir='ltr'><em>linem</em></span> <span class='ocrx_word' id='word_1_199' title='bbox 824 2613 949 2689; x_wconf 85' lang='lat' dir='ltr'><em>minus</em></span> <span class='ocrx_word' id='word_1_200' title='bbox 968 2612 1141 2709; x_wconf 81' lang='lat' dir='ltr'><em>frequens</em></span> <span class='ocrx_word' id='word_1_201' title='bbox 1156 2614 1313 2721; x_wconf 30' lang='lat' dir='ltr'><em>¹ill-orum</em></span> <span class='ocrx_word' id='word_1_202' title='bbox 1340 2622 1423 2696; x_wconf 88' lang='lat' dir='ltr'><em>usus</em></span> <span class='ocrx_word' id='word_1_203' title='bbox 1448 2623 1622 2705; x_wconf 77' lang='lat' dir='ltr'><em>liastenus</em></span> <span class='ocrx_word' id='word_1_204' title='bbox 1641 2632 1735 2746; x_wconf 80' lang='lat' dir='ltr'><em>quiri</em></span> 
     </span>
     <span class='ocr_line' id='line_1_22' title="bbox 173 2710 1735 2825; baseline 0.013 -34"><span class='ocrx_word' id='word_1_205' title='bbox 173 2714 275 2792; x_wconf 87' lang='lat' dir='ltr'><em>fuisse</em></span> <span class='ocrx_word' id='word_1_206' title='bbox 294 2716 450 2789; x_wconf 86' lang='lat' dir='ltr'><em>videtur.</em></span> <span class='ocrx_word' id='word_1_207' title='bbox 521 2711 629 2800; x_wconf 92' lang='lat' dir='ltr'><em>Quod</em></span> <span class='ocrx_word' id='word_1_208' title='bbox 656 2710 871 2808; x_wconf 87' lang='lat' dir='ltr'><em>praesentem</em></span> <span class='ocrx_word' id='word_1_209' title='bbox 906 2710 1041 2787; x_wconf 82' lang='lat' dir='ltr'><em>attinet</em></span> <span class='ocrx_word' id='word_1_210' title='bbox 1073 2711 1293 2801; x_wconf 85' lang='lat' dir='ltr'><em>editionem,</em></span> <span class='ocrx_word' id='word_1_211' title='bbox 1323 2740 1367 2792; x_wconf 87' lang='lat' dir='ltr'><em>ea</em></span> <span class='ocrx_word' id='word_1_212' title='bbox 1393 2721 1542 2816; x_wconf 90' lang='lat' dir='ltr'><em>quidem</em></span> <span class='ocrx_word' id='word_1_213' title='bbox 1562 2729 1735 2825; x_wconf 79' lang='lat' dir='ltr'><em>gothico·-</em></span> 
     </span>
     <span class='ocr_line' id='line_1_23' title="bbox 172 2806 1735 2914; baseline 0.009 -27"><span class='ocrx_word' id='word_1_214' title='bbox 172 2812 378 2889; x_wconf 74' lang='lat' dir='ltr'><em>charnstere</em></span> <span class='ocrx_word' id='word_1_215' title='bbox 403 2811 569 2909; x_wconf 77' lang='lat' dir='ltr'><em>impressa</em></span> <span class='ocrx_word' id='word_1_216' title='bbox 598 2809 737 2905; x_wconf 75' lang='lat' dir='ltr'><em>chartae</em></span> <span class='ocrx_word' id='word_1_217' title='bbox 769 2806 997 2893; x_wconf 80' lang='lat' dir='ltr'><em>firmissimae,</em></span> <span class='ocrx_word' id='word_1_218' title='bbox 1026 2823 1066 2886; x_wconf 83' lang='lat' dir='ltr'><em>at</em></span> <span class='ocrx_word' id='word_1_219' title='bbox 1089 2812 1214 2887; x_wconf 87' lang='lat' dir='ltr'><em>minus</em></span> <span class='ocrx_word' id='word_1_220' title='bbox 1243 2813 1336 2889; x_wconf 85' lang='lat' dir='ltr'><em>albae</em></span> <span class='ocrx_word' id='word_1_221' title='bbox 1359 2816 1397 2894; x_wconf 72' lang='grc' dir='ltr'><em>δι</em></span> <span class='ocrx_word' id='word_1_222' title='bbox 1422 2820 1560 2914; x_wconf 85' lang='lat' dir='ltr'><em>positae.</em></span> <span class='ocrx_word' id='word_1_223' title='bbox 1636 2826 1735 2913; x_wconf 73' lang='lat' dir='ltr'><em>Litte</em></span> 
     </span>
     <span class='ocr_line' id='line_1_24' title="bbox 170 2905 1735 3021; baseline 0.01 -34"><span class='ocrx_word' id='word_1_224' title='bbox 170 2911 334 2987; x_wconf 81' lang='lat' dir='ltr'><em>initiales</em></span> <span class='ocrx_word' id='word_1_225' title='bbox 361 2910 445 2986; x_wconf 80' lang='lat' dir='ltr'><em>raro</em></span> <span class='ocrx_word' id='word_1_226' title='bbox 463 2908 600 2985; x_wconf 85' lang='lat' dir='ltr'><em>desunt.</em></span> <span class='ocrx_word' id='word_1_227' title='bbox 671 2906 808 2984; x_wconf 83' lang='lat' dir='ltr'><em>Desunt</em></span> <span class='ocrx_word' id='word_1_228' title='bbox 835 2930 926 2984; x_wconf 83' lang='lat' dir='ltr'><em>vero</em></span> <span class='ocrx_word' id='word_1_229' title='bbox 950 2905 1085 3004; x_wconf 89' lang='lat' dir='ltr'><em>ubique</em></span> <span class='ocrx_word' id='word_1_230' title='bbox 1111 2910 1299 2999; x_wconf 88' lang='lat' dir='ltr'><em>custodes,</em></span> <span class='ocrx_word' id='word_1_231' title='bbox 1328 2912 1539 3009; x_wconf 86' lang='lat' dir='ltr'><em>signaturae,</em></span> <span class='ocrx_word' id='word_1_232' title='bbox 1567 2926 1735 3021; x_wconf 79' lang='lat' dir='ltr'><em>paginam</em></span> 
     </span>
     <span class='ocr_line' id='line_1_25' title="bbox 169 3004 1684 3121; baseline 0.009 -34"><span class='ocrx_word' id='word_1_233' title='bbox 169 3011 335 3095; x_wconf 85' lang='lat' dir='ltr'><em>numeri,</em></span> <span class='ocrx_word' id='word_1_234' title='bbox 366 3010 404 3087; x_wconf 81' lang='lat' dir='ltr'><em>bc</em></span> <span class='ocrx_word' id='word_1_235' title='bbox 427 3006 694 3104; x_wconf 86' lang='lat' dir='ltr'><em>inscriptiones,</em></span> <span class='ocrx_word' id='word_1_236' title='bbox 754 3004 890 3082; x_wconf 88' lang='lat' dir='ltr'><em>Totum</em></span> <span class='ocrx_word' id='word_1_237' title='bbox 911 3004 1085 3083; x_wconf 90' lang='lat' dir='ltr'><em>volumen</em></span> <span class='ocrx_word' id='word_1_238' title='bbox 1113 3006 1214 3085; x_wconf 87' lang='lat' dir='ltr'><em>foliis</em></span> <span class='ocrx_word' id='word_1_239' title='bbox 1240 3010 1380 3088; x_wconf 82' lang='lat' dir='ltr'><em>constat</em></span> <span class='ocrx_word' id='word_1_240' title='bbox 1402 3015 1576 3113; x_wconf 83' lang='lat' dir='ltr'><em>impressis</em></span> <span class='ocrx_word' id='word_1_241' title='bbox 1604 3038 1684 3121; x_wconf 79' lang='lat'><strong>258.</strong></span> 
     </span>
     <span class='ocr_line' id='line_1_26' title="bbox 169 3102 1734 3275; baseline 0.015 -92"><span class='ocrx_word' id='word_1_242' title='bbox 169 3109 323 3185; x_wconf 82' lang='lat' dir='ltr'><em>discerni</em></span> <span class='ocrx_word' id='word_1_243' title='bbox 356 3110 425 3183; x_wconf 90' lang='lat' dir='ltr'><em>boc</em></span> <span class='ocrx_word' id='word_1_244' title='bbox 460 3106 734 3183; x_wconf 81' lang='lat' dir='ltr'><em>vocabularium</em></span> <span class='ocrx_word' id='word_1_245' title='bbox 758 3105 804 3180; x_wconf 85' lang='lat' dir='ltr'><em>ab</em></span> <span class='ocrx_word' id='word_1_246' title='bbox 829 3105 912 3181; x_wconf 83' lang='lat' dir='ltr'><em>aliis</em></span> <span class='ocrx_word' id='word_1_247' title='bbox 939 3102 1062 3201; x_wconf 71' lang='lat' dir='ltr'><em>polilt,</em></span> <span class='ocrx_word' id='word_1_248' title='bbox 1088 3107 1267 3275; x_wconf 56' lang='lat' dir='ltr'><em>imam</em></span> <span class='ocrx_word' id='word_1_249' title='bbox 1300 3133 1348 3185; x_wconf 71' lang='lat' dir='ltr'><em>ex</em></span> <span class='ocrx_word' id='word_1_250' title='bbox 1372 3137 1417 3187; x_wconf 73' lang='lat'><em>0⁰</em></span> <span class='ocrx_word' id='word_1_251' title='bbox 1440 3114 1546 3212; x_wconf 70' lang='lat' dir='ltr'><em>juvat</em></span> <span class='ocrx_word' id='word_1_252' title='bbox 1575 3144 1734 3233; x_wconf 78' lang='lat' dir='ltr'><em>excerpe</em></span> 
     </span>
     <span class='ocr_line' id='line_1_27' title="bbox 167 3200 1593 3309; baseline 0.006 -27"><span class='ocrx_word' id='word_1_253' title='bbox 167 3206 350 3283; x_wconf 80' lang='lat' dir='ltr'><em>Fonosicus</em></span> <span class='ocrx_word' id='word_1_254' title='bbox 374 3205 413 3281; x_wconf 82' lang='lat' dir='ltr'><em>id</em></span> <span class='ocrx_word' id='word_1_255' title='bbox 435 3209 476 3307; x_wconf 78' lang='lat' dir='ltr'><em>ess</em></span> <span class='ocrx_word' id='word_1_256' title='bbox 496 3203 656 3304; x_wconf 76' lang='lat' dir='ltr'><em>ydolasro</em></span> <span class='ocrx_word' id='word_1_257' title='bbox 680 3204 734 3279; x_wconf 85' lang='lat' dir='ltr'><em>vel</em></span> <span class='ocrx_word' id='word_1_258' title='bbox 752 3206 854 3304; x_wconf 80' lang='lat' dir='ltr'><em>russos</em></span> <span class='ocrx_word' id='word_1_259' title='bbox 867 3204 959 3299; x_wconf 85' lang='lat' dir='ltr'><em>soni.</em></span> <span class='ocrx_word' id='word_1_260' title='bbox 1009 3200 1060 3275; x_wconf 80' lang='lat' dir='ltr'><em>Er</em></span> <span class='ocrx_word' id='word_1_261' title='bbox 1112 3204 1212 3279; x_wconf 82' lang='lat' dir='ltr'><em>icitur</em></span> <span class='ocrx_word' id='word_1_262' title='bbox 1236 3206 1381 3299; x_wconf 72' lang='lat' dir='ltr'><em>ofiunru</em></span> <span class='ocrx_word' id='word_1_263' title='bbox 1404 3236 1427 3284; x_wconf 87' lang='lat' dir='ltr'><em>a</em></span> <span class='ocrx_word' id='word_1_264' title='bbox 1446 3215 1533 3309; x_wconf 85' lang='lat' dir='ltr'><em>sune</em></span> <span class='ocrx_word' id='word_1_265' title='bbox 1554 3214 1593 3289; x_wconf 78' lang='lat' dir='ltr'><em>id</em></span> 
     </span>
     <span class='ocr_line' id='line_1_28' title="bbox 165 3297 1646 3404; baseline 0.008 -28"><span class='ocrx_word' id='word_1_266' title='bbox 165 3332 237 3381; x_wconf 83' lang='lat' dir='ltr'><em>rere</em></span> <span class='ocrx_word' id='word_1_267' title='bbox 252 3304 474 3404; x_wconf 78' lang='lat' dir='ltr'><em>sirntosmnia.</em></span> <span class='ocrx_word' id='word_1_268' title='bbox 513 3348 552 3357; x_wconf 86' lang='lat'><em>·-</em></span> <span class='ocrx_word' id='word_1_269' title='bbox 599 3304 815 3403; x_wconf 78' lang='lat' dir='ltr'><em>geometricus</em></span> <span class='ocrx_word' id='word_1_270' title='bbox 844 3303 901 3375; x_wconf 88' lang='lat' dir='ltr'><em>ain</em></span> <span class='ocrx_word' id='word_1_271' title='bbox 923 3299 1094 3401; x_wconf 82' lang='lat' dir='ltr'><em>Kinstiger</em></span> <span class='ocrx_word' id='word_1_272' title='bbox 1117 3297 1179 3378; x_wconf 75' lang='lat' dir='ltr'><em>der</em></span> <span class='ocrx_word' id='word_1_273' title='bbox 1200 3302 1355 3403; x_wconf 76' lang='lat' dir='ltr'><em>mrffinig.</em></span> <span class='ocrx_word' id='word_1_274' title='bbox 1394 3351 1438 3365; x_wconf 89' lang='lat'><em>--</em></span> <span class='ocrx_word' id='word_1_275' title='bbox 1643 3394 1646 3399; x_wconf 65' lang='grc'>,</span> 
     </span>
     <span class='ocr_line' id='line_1_29' title="bbox 163 3397 1734 3581; baseline 0.013 -109"><span class='ocrx_word' id='word_1_276' title='bbox 163 3403 256 3504; x_wconf 70' lang='lat' dir='ltr'><em>effen.</em></span> <span class='ocrx_word' id='word_1_277' title='bbox 285 3448 328 3458; x_wconf 83' lang='lat'><em>--</em></span> <span class='ocrx_word' id='word_1_278' title='bbox 354 3403 524 3503; x_wconf 71' lang='lat' dir='ltr'><em>pnmifirrc</em></span> <span class='ocrx_word' id='word_1_279' title='bbox 551 3397 683 3575; x_wconf 51' lang='lat' dir='ltr'><em>bimlen.</em></span> <span class='ocrx_word' id='word_1_280' title='bbox 713 3443 755 3456; x_wconf 78' lang='lat'><em>-</em></span> <span class='ocrx_word' id='word_1_281' title='bbox 786 3402 908 3497; x_wconf 65' lang='lat' dir='ltr'><em>munire</em></span> <span class='ocrx_word' id='word_1_282' title='bbox 927 3397 1080 3499; x_wconf 73' lang='lat' dir='ltr'><em>piniger.</em></span> <span class='ocrx_word' id='word_1_283' title='bbox 1108 3440 1155 3455; x_wconf 85' lang='lat'><em>-</em></span> <span class='ocrx_word' id='word_1_284' title='bbox 1181 3401 1345 3499; x_wconf 86' lang='lat' dir='ltr'><em>rasorium</em></span> <span class='ocrx_word' id='word_1_285' title='bbox 1370 3409 1413 3581; x_wconf 58' lang='grc' dir='ltr'><em>εί</em></span> <span class='ocrx_word' id='word_1_286' title='bbox 1433 3409 1583 3488; x_wconf 82' lang='lat' dir='ltr'><em>cultellus</em></span> <span class='ocrx_word' id='word_1_287' title='bbox 1606 3442 1701 3513; x_wconf 79' lang='lat' dir='ltr'><em>quem</em></span> <span class='ocrx_word' id='word_1_288' title='bbox 1724 3410 1734 3499; x_wconf 81' lang='lat' dir='ltr'><em>i</em></span> 
     </span>
     <span class='ocr_line' id='line_1_30' title="bbox 163 3494 1734 3629; baseline 0.013 -54"><span class='ocrx_word' id='word_1_289' title='bbox 163 3502 291 3601; x_wconf 82' lang='lat' dir='ltr'><em>rasores</em></span> <span class='ocrx_word' id='word_1_290' title='bbox 316 3503 370 3578; x_wconf 87' lang='lat' dir='ltr'><em>uei</em></span> <span class='ocrx_word' id='word_1_291' title='bbox 387 3502 532 3611; x_wconf 82' lang='lat' dir='ltr'><em>tonsores</em></span> <span class='ocrx_word' id='word_1_292' title='bbox 552 3501 587 3577; x_wconf 89' lang='lat' dir='ltr'><em>in</em></span> <span class='ocrx_word' id='word_1_293' title='bbox 627 3500 722 3575; x_wconf 86' lang='lat' dir='ltr'><em>alneu</em></span> <span class='ocrx_word' id='word_1_294' title='bbox 740 3500 799 3599; x_wconf 85' lang='lat' dir='ltr'><em>qui</em></span> <span class='ocrx_word' id='word_1_295' title='bbox 820 3500 890 3573; x_wconf 90' lang='lat' dir='ltr'><em>olio</em></span> <span class='ocrx_word' id='word_1_296' title='bbox 912 3500 985 3574; x_wconf 87' lang='lat' dir='ltr'><em>noir</em></span> <span class='ocrx_word' id='word_1_297' title='bbox 1006 3494 1132 3574; x_wconf 82' lang='lat' dir='ltr'><em>dicitur</em></span> <span class='ocrx_word' id='word_1_298' title='bbox 1150 3500 1307 3600; x_wconf 81' lang='lat' dir='ltr'><em>rofiosum</em></span> <span class='ocrx_word' id='word_1_299' title='bbox 1333 3502 1374 3599; x_wconf 86' lang='lat' dir='ltr'><em>sc</em></span> <span class='ocrx_word' id='word_1_300' title='bbox 1396 3506 1513 3605; x_wconf 79' lang='lat' dir='ltr'><em>orfiici</em></span> <span class='ocrx_word' id='word_1_301' title='bbox 1548 3552 1589 3571; x_wconf 87' lang='lat'><em>·-</em></span> <span class='ocrx_word' id='word_1_302' title='bbox 1610 3512 1734 3629; x_wconf 62' lang='lat' dir='ltr'><em>spiling</em></span> 
     </span>
     <span class='ocr_line' id='line_1_31' title="bbox 160 3588 1721 3775; baseline 0.012 -101"><span class='ocrx_word' id='word_1_303' title='bbox 160 3604 202 3698; x_wconf 71' lang='lat' dir='ltr'><em>iil</em></span> <span class='ocrx_word' id='word_1_304' title='bbox 223 3597 327 3676; x_wconf 84' lang='lat' dir='ltr'><em>orior</em></span> <span class='ocrx_word' id='word_1_305' title='bbox 349 3600 488 3775; x_wconf 55' lang='lat' dir='ltr'><em>qilrriom</em></span> <span class='ocrx_word' id='word_1_306' title='bbox 506 3596 659 3699; x_wconf 86' lang='lat' dir='ltr'><em>soiuiing</em></span> <span class='ocrx_word' id='word_1_307' title='bbox 677 3598 774 3675; x_wconf 86' lang='lat' dir='ltr'><em>boum</em></span> <span class='ocrx_word' id='word_1_308' title='bbox 799 3588 976 3700; x_wconf 62' lang='lat' dir='ltr'><em>(boun)</em></span> <span class='ocrx_word' id='word_1_309' title='bbox 1009 3598 1100 3673; x_wconf 81' lang='lat' dir='ltr'><em>linea</em></span> <span class='ocrx_word' id='word_1_310' title='bbox 1120 3594 1176 3675; x_wconf 73' lang='lat' dir='ltr'><em>uir</em></span> <span class='ocrx_word' id='word_1_311' title='bbox 1197 3602 1397 3703; x_wconf 72' lang='lat' dir='ltr'><em>urslin&#39;itoriii</em></span> <span class='ocrx_word' id='word_1_312' title='bbox 1417 3610 1538 3685; x_wconf 74' lang='lat' dir='ltr'><em>onmis</em></span> <span class='ocrx_word' id='word_1_313' title='bbox 1560 3610 1721 3721; x_wconf 79' lang='lat' dir='ltr'><em>dictofir</em></span> 
     </span>
     <span class='ocr_line' id='line_1_32' title="bbox 160 3702 1331 3799; baseline 0.019 -27"><span class='ocrx_word' id='word_1_314' title='bbox 160 3722 202 3799; x_wconf 79' lang='lat' dir='ltr'><em>qo</em></span> <span class='ocrx_word' id='word_1_315' title='bbox 221 3711 329 3777; x_wconf 75' lang='lat' dir='ltr'><em>teneor</em></span> <span class='ocrx_word' id='word_1_316' title='bbox 352 3725 389 3775; x_wconf 87' lang='lat' dir='ltr'><em>ve</em></span> <span class='ocrx_word' id='word_1_317' title='bbox 422 3702 542 3777; x_wconf 67' lang='lat' dir='ltr'><em>noros.</em></span> <span class='ocrx_word' id='word_1_318' title='bbox 1214 3704 1217 3711; x_wconf 43' lang='lat'><strong>¹</strong></span> <span class='ocrx_word' id='word_1_319' title='bbox 1324 3758 1331 3767; x_wconf 95' lang='lat'><strong>·</strong></span> 
     </span>
    </p>
   </div>
   <div class='ocr_carea' id='block_1_5' title="bbox 160 3900 1733 4144">
    <p class='ocr_par' dir='ltr' id='par_1_6' title="bbox 160 3900 1733 4144">
     <span class='ocr_line' id='line_1_33' title="bbox 160 3900 1733 4025; baseline 0.001 -26"><span class='ocrx_word' id='word_1_320' title='bbox 160 3910 345 4006; x_wconf 82' lang='lat' dir='ltr'><strong>CXLV.</strong></span> <span class='ocrx_word' id='word_1_321' title='bbox 394 3908 715 4002; x_wconf 71' lang='lat' dir='ltr'><em>Dissiomuium</em></span> <span class='ocrx_word' id='word_1_322' title='bbox 751 3906 954 4017; x_wconf 83' lang='lat' dir='ltr'><em>latinum,</em></span> <span class='ocrx_word' id='word_1_323' title='bbox 1002 3900 1323 4001; x_wconf 82' lang='lat' dir='ltr'><em>Vocabulorius</em></span> <span class='ocrx_word' id='word_1_324' title='bbox 1353 3904 1733 4025; x_wconf 78' lang='lat' dir='ltr'><em>Breuisoquur,a</em></span> 
     </span>
     <span class='ocr_line' id='line_1_34' title="bbox 189 4026 876 4144; baseline 0.019 -37"><span class='ocrx_word' id='word_1_325' title='bbox 189 4098 194 4107; x_wconf 92' lang='lat'>.</span> <span class='ocrx_word' id='word_1_326' title='bbox 272 4030 506 4144; x_wconf 77' lang='lat' dir='ltr'><em>pollutum,</em></span> <span class='ocrx_word' id='word_1_327' title='bbox 536 4029 581 4115; x_wconf 92' lang='lat' dir='ltr'><em>in</em></span> <span class='ocrx_word' id='word_1_328' title='bbox 613 4026 650 4117; x_wconf 85' lang='lat' dir='ltr'><strong>F</strong></span> <span class='ocrx_word' id='word_1_329' title='bbox 655 4032 715 4119; x_wconf 88' lang='lat' dir='ltr'><em>ol.</em></span> <span class='ocrx_word' id='word_1_330' title='bbox 869 4041 876 4055; x_wconf 81' lang='lat'>‘</span> 
     </span>
    </p>
   </div>
   <div class='ocr_carea' id='block_1_6' title="bbox 146 4220 1733 4799">
    <p class='ocr_par' dir='ltr' id='par_1_7' title="bbox 146 4220 1733 4799">
     <span class='ocr_line' id='line_1_35' title="bbox 315 4220 1733 4323; baseline 0.005 -22"><span class='ocrx_word' id='word_1_331' title='bbox 315 4220 468 4322; x_wconf 69' lang='lat' dir='ltr'><em>Pagina</em></span> <span class='ocrx_word' id='word_1_332' title='bbox 491 4223 640 4323; x_wconf 82' lang='lat' dir='ltr'><em>singulae</em></span> <span class='ocrx_word' id='word_1_333' title='bbox 665 4226 705 4301; x_wconf 90' lang='lat' dir='ltr'><em>in</em></span> <span class='ocrx_word' id='word_1_334' title='bbox 727 4225 820 4301; x_wconf 87' lang='lat' dir='ltr'><em>duas</em></span> <span class='ocrx_word' id='word_1_335' title='bbox 849 4226 1039 4303; x_wconf 83' lang='lat' dir='ltr'><em>columnas</em></span> <span class='ocrx_word' id='word_1_336' title='bbox 1068 4224 1244 4304; x_wconf 78' lang='lat' dir='ltr'><em>dillinitae</em></span> <span class='ocrx_word' id='word_1_337' title='bbox 1267 4225 1360 4304; x_wconf 84' lang='lat' dir='ltr'><em>sunt.</em></span> <span class='ocrx_word' id='word_1_338' title='bbox 1416 4220 1459 4299; x_wconf 91' lang='lat' dir='ltr'><em>ln</em></span> <span class='ocrx_word' id='word_1_339' title='bbox 1485 4223 1603 4320; x_wconf 74' lang='lat' dir='ltr'><em>primii</em></span> <span class='ocrx_word' id='word_1_340' title='bbox 1632 4226 1733 4309; x_wconf 84' lang='lat' dir='ltr'><em>cosm</em></span> 
     </span>
     <span class='ocr_line' id='line_1_36' title="bbox 150 4320 1733 4422; baseline 0.004 -26"><span class='ocrx_word' id='word_1_341' title='bbox 150 4344 197 4396; x_wconf 84' lang='lat' dir='ltr'><em>na</em></span> <span class='ocrx_word' id='word_1_342' title='bbox 212 4321 349 4400; x_wconf 78' lang='lat' dir='ltr'><em>auersae</em></span> <span class='ocrx_word' id='word_1_343' title='bbox 376 4322 486 4421; x_wconf 88' lang='lat' dir='ltr'><em>primi</em></span> <span class='ocrx_word' id='word_1_344' title='bbox 507 4324 587 4401; x_wconf 92' lang='lat' dir='ltr'><em>solii</em></span> <span class='ocrx_word' id='word_1_345' title='bbox 616 4324 760 4422; x_wconf 80' lang='lat' dir='ltr'><em>paginae</em></span> <span class='ocrx_word' id='word_1_346' title='bbox 784 4322 857 4401; x_wconf 85' lang='lat' dir='ltr'><em>fine</em></span> <span class='ocrx_word' id='word_1_347' title='bbox 881 4324 957 4402; x_wconf 90' lang='lat' dir='ltr'><em>ullo</em></span> <span class='ocrx_word' id='word_1_348' title='bbox 975 4325 1087 4402; x_wconf 91' lang='lat' dir='ltr'><em>titulo</em></span> <span class='ocrx_word' id='word_1_349' title='bbox 1112 4326 1248 4422; x_wconf 86' lang='lat' dir='ltr'><em>legitur</em></span> <span class='ocrx_word' id='word_1_350' title='bbox 1275 4322 1450 4409; x_wconf 85' lang='lat' dir='ltr'><em>editoris,</em></span> <span class='ocrx_word' id='word_1_351' title='bbox 1476 4346 1552 4399; x_wconf 90' lang='lat' dir='ltr'><em>non</em></span> <span class='ocrx_word' id='word_1_352' title='bbox 1575 4320 1689 4421; x_wconf 79' lang='lat' dir='ltr'><em>ipsius</em></span> <span class='ocrx_word' id='word_1_353' title='bbox 1705 4350 1733 4407; x_wconf 79' lang='grc' dir='ltr'><em>ι·</em></span> 
     </span>
     <span class='ocr_line' id='line_1_37' title="bbox 148 4418 1733 4519; baseline 0.006 -26"><span class='ocrx_word' id='word_1_354' title='bbox 148 4418 279 4507; x_wconf 74' lang='lat' dir='ltr'><em>sionis,</em></span> <span class='ocrx_word' id='word_1_355' title='bbox 316 4422 509 4518; x_wconf 84' lang='lat' dir='ltr'><em>praesatio,</em></span> <span class='ocrx_word' id='word_1_356' title='bbox 544 4446 590 4498; x_wconf 87' lang='lat' dir='ltr'><em>ex</em></span> <span class='ocrx_word' id='word_1_357' title='bbox 622 4445 694 4519; x_wconf 88' lang='lat' dir='ltr'><em>qua</em></span> <span class='ocrx_word' id='word_1_358' title='bbox 717 4423 907 4509; x_wconf 85' lang='lat' dir='ltr'><em>discimus,</em></span> <span class='ocrx_word' id='word_1_359' title='bbox 937 4422 1089 4501; x_wconf 83' lang='lat' dir='ltr'><em>Basleae</em></span> <span class='ocrx_word' id='word_1_360' title='bbox 1116 4424 1281 4499; x_wconf 90' lang='lat' dir='ltr'><em>omnium</em></span> <span class='ocrx_word' id='word_1_361' title='bbox 1335 4425 1429 4500; x_wconf 90' lang='lat' dir='ltr'><em>rimo</em></span> <span class='ocrx_word' id='word_1_362' title='bbox 1458 4419 1561 4519; x_wconf 86' lang='lat' dir='ltr'><em>typis</em></span> <span class='ocrx_word' id='word_1_363' title='bbox 1594 4424 1733 4513; x_wconf 72' lang='lat' dir='ltr'><em>excuss</em></span> 
     </span>
     <span class='ocr_line' id='line_1_38' title="bbox 146 4447 1733 4635; baseline 0.005 -42"><span class='ocrx_word' id='word_1_364' title='bbox 146 4516 248 4594; x_wconf 84' lang='lat' dir='ltr'><em>fuisse</em></span> <span class='ocrx_word' id='word_1_365' title='bbox 272 4519 343 4594; x_wconf 89' lang='lat' dir='ltr'><em>hoc</em></span> <span class='ocrx_word' id='word_1_366' title='bbox 367 4520 653 4599; x_wconf 79' lang='lat' dir='ltr'><em>vocabularium.</em></span> <span class='ocrx_word' id='word_1_367' title='bbox 708 4518 769 4598; x_wconf 81' lang='lat' dir='ltr'><em>An</em></span> <span class='ocrx_word' id='word_1_368' title='bbox 796 4546 885 4601; x_wconf 86' lang='lat' dir='ltr'><em>vero</em></span> <span class='ocrx_word' id='word_1_369' title='bbox 906 4522 988 4599; x_wconf 85' lang='lat' dir='ltr'><em>liaec</em></span> <span class='ocrx_word' id='word_1_370' title='bbox 1015 4523 1135 4597; x_wconf 78' lang='lat' dir='ltr'><em>noina</em></span> <span class='ocrx_word' id='word_1_371' title='bbox 1156 4523 1272 4599; x_wconf 86' lang='lat' dir='ltr'><em>editio</em></span> <span class='ocrx_word' id='word_1_372' title='bbox 1298 4447 1340 4599; x_wconf 81' lang='lat' dir='ltr'><em>sit</em></span> <span class='ocrx_word' id='word_1_373' title='bbox 1363 4524 1424 4599; x_wconf 85' lang='lat' dir='ltr'><em>illa</em></span> <span class='ocrx_word' id='word_1_374' title='bbox 1449 4521 1525 4634; x_wconf 83' lang='lat' dir='ltr'><em>ipsa</em></span> <span class='ocrx_word' id='word_1_375' title='bbox 1542 4521 1671 4635; x_wconf 28' lang='lat' dir='ltr'><em>‘prima</em></span> <span class='ocrx_word' id='word_1_376' title='bbox 1692 4524 1733 4603; x_wconf 77' lang='lat' dir='ltr'><em>B:</em></span> 
     </span>
     <span class='ocr_line' id='line_1_39' title="bbox 146 4610 1733 4721; baseline 0.008 -32"><span class='ocrx_word' id='word_1_377' title='bbox 146 4610 320 4705; x_wconf 79' lang='lat' dir='ltr'><em>siscensis,</em></span> <span class='ocrx_word' id='word_1_378' title='bbox 349 4636 426 4693; x_wconf 84' lang='lat' dir='ltr'><em>uun</em></span> <span class='ocrx_word' id='word_1_379' title='bbox 444 4618 558 4697; x_wconf 84' lang='lat' dir='ltr'><em>ausim</em></span> <span class='ocrx_word' id='word_1_380' title='bbox 585 4618 790 4701; x_wconf 81' lang='lat' dir='ltr'><em>adfirmare.</em></span> <span class='ocrx_word' id='word_1_381' title='bbox 836 4620 966 4701; x_wconf 87' lang='lat' dir='ltr'><em>Potuit</em></span> <span class='ocrx_word' id='word_1_382' title='bbox 987 4621 1089 4699; x_wconf 90' lang='lat' dir='ltr'><em>enim</em></span> <span class='ocrx_word' id='word_1_383' title='bbox 1112 4622 1283 4721; x_wconf 83' lang='lat' dir='ltr'><em>praelatio</em></span> <span class='ocrx_word' id='word_1_384' title='bbox 1305 4625 1438 4721; x_wconf 82' lang='lat' dir='ltr'><em>primae</em></span> <span class='ocrx_word' id='word_1_385' title='bbox 1460 4622 1617 4705; x_wconf 78' lang='lat' dir='ltr'><em>editioni</em></span> <span class='ocrx_word' id='word_1_386' title='bbox 1640 4626 1733 4719; x_wconf 77' lang='lat' dir='ltr'><em>praes</em></span> 
     </span>
     <span class='ocr_line' id='line_1_40' title="bbox 318 4744 1713 4799; baseline 0.004 -5"><span class='ocrx_word' id='word_1_387' title='bbox 318 4764 322 4771; x_wconf 91' lang='lat'>-</span> <span class='ocrx_word' id='word_1_388' title='bbox 1536 4766 1540 4773; x_wconf 41' lang='grc' dir='ltr'><strong><em>ι</em></strong></span> <span class='ocrx_word' id='word_1_389' title='bbox 1662 4744 1713 4799; x_wconf 78' lang='lat' dir='ltr'><em>aa</em></span> 
     </span>
    </p>
   </div>
   <div class='ocr_carea' id='block_1_7' title="bbox 0 0 1950 5182">
    <p class='ocr_par' dir='ltr' id='par_1_8' title="bbox 0 0 1950 5182">
     <span class='ocr_line' id='line_1_41' title="bbox 0 0 1950 5182; baseline 0 8"><span class='ocrx_word' id='word_1_390' title='bbox 0 0 1950 5182; x_wconf 95' lang='lat' dir='ltr'><em> </em></span> 
     </span>
    </p>
   </div>
   <div class='ocr_carea' id='block_1_8' title="bbox 1648 5052 1667 5099">
    <p class='ocr_par' dir='ltr' id='par_1_9' title="bbox 1648 5052 1667 5099">
     <span class='ocr_line' id='line_1_42' title="bbox 1648 5052 1667 5099; baseline 0 0"><span class='ocrx_word' id='word_1_391' title='bbox 1648 5052 1667 5099; x_wconf 78' lang='grc' dir='ltr'><em>Ι</em></span> 
     </span>
    </p>
   </div>
  </div>
 </body>
</html>
