3892 5182
116 254 296 385 ‘140
868 257 1309 380 ..ei-siffis*

215 465 357 565 XXV.
392 459 673 557 Fornulurin
712 462 959 580 cinnoentoa
992 465 1035 553 si
1064 476 1361 581 pennatorum
1399 457 1595 553 Romane
1634 464 1752 552 curie
1795 462 1846 550 tr

334 577 461 698 Regu·
494 574 796 668 Pursrnnnrnti:
839 575 1075 693 prouisum
1105 578 1199 692 sam
1233 578 1334 666 iura
1372 575 1573 667 'uomnnsu
1615 571 1848 693 cluriffime

334 691 560 801 osteudens.
617 694 790 782 Ballene
825 715 948 808 1489.
983 696 1026 780 in
1059 690 1164 792 For,
1476 730 1486 742 =

224 916 229 925 '
382 913 519 989 Praeter
541 913 649 986 verba
670 912 763 1023 tituli
783 912 864 986 loco
884 912 1034 989 recitata
1047 914 1084 986 in
1105 913 1219 1008 prima
1240 914 1345 1011 primi
1359 912 1431 1025 solii
1446 915 1574 1085 pagina
1588 911 1717 1007 legitur
1735 881 1854 987 etiarn
1883 866 1889 877 ⁴

223 1012 376 1115 syllabus
396 1010 608 1120 traitatuum
632 1007 702 1082 hoc
723 1032 761 1120 ¹.¹¹
782 1031 889 1120 opere
908 1023 1177 1095 contentorum,
1200 1010 1239 1086 ὅ(
1259 1011 1339 1122 duo·
1352 1010 1447 1086 drstlc
1473 1036 1515 1096 a,
1534 1031 1615 1107 quae
1636 1009 1683 1082 ad
1706 1007 1853 1120 calcem

224 1135 365 1281 quae
389 1103 1096 1298 tl⁵1ttirtssltuffll⁹lnitttffi
1103 1109 1463 1280 trinni‘n‘tffiiisri‘·
1478 1107 1555 1278 uin
1550 1102 1706 1298 asisii
1717 1127 1855 1295 iiiii

223 1210 550 1397 iiiutriaiussequentia'
574 1313 729 1394 occupat
756 1298 849 1374 folia.
930 1300 958 1374 F
960 1301 1029 1375 olio
1057 1303 1180 1397 quinto
1209 1325 1299 1398 opus
1322 1258 1452 1471 incipit,
1465 1301 1612 1410 gothico
1642 1257 1854 1374 cliniattere

225 1399 462 1502 pereleganti,
488 1397 525 1472 δι
551 1395 726 1492 praestanti
748 1397 883 1471 chartae
905 1397 1115 1495 impressum.
1180 1395 1239 1474 Ab
1264 1398 1335 1473 hoc
1359 1400 1394 1473 so
1410 1399 1462 1482 ὀ,
1495 1396 1720 1491 &deinceps
1747 1411 1859 1491 typo·

76 1536 94 1543 ·-
226 1502 384 1599 graphus
403 1494 567 1570 soliorum
592 1515 759 1567 numeros
782 1515 949 1568 romanos
973 1519 1005 1568 e.
1020 1518 1054 1588 g.
1072 1493 1170 1569 Folio
1185 1534 1233 1551 —
1253 1493 1328 1569 III.
1355 1492 1496 1589 adjecit.
1547 1492 1752 1585 Signaturae
1770 1497 1818 1568 ab
1836 1516 1859 1564 n

229 1602 336 1692 (quae
358 1595 557 1706 primorum
582 1589 632 1663 est
655 1604 806 1685 quatuor
840 1588 1035 1687 foliorum)
1062 1613 1177 1687 usque
1196 1617 1214 1664 s
1230 1593 1435 1666 decurrunt.
1508 1589 1707 1663 Occurrunt
1738 1591 1859 1666 etiam

227 1694 342 1768 ubivis
363 1688 519 1777 ruitiales
539 1688 651 1761 literae
669 1709 802 1785 parvae.
853 1687 986 1763 Desunt
1007 1711 1090 1763 vero
1111 1689 1291 1769 custodes,
1318 1686 1356 1762 ἃ
1376 1690 1586 1783 paginarum
1601 1686 1861 1783 inscriptiones.

227 1788 332 1865 Circa
354 1789 465 1864 finem
487 1785 616 1859 aversa
639 1786 779 1879 paginae
804 1781 876 1858 solii
894 1785 1038 1861 CXVII.
1072 1780 1252 1880 sequentia
1270 1786 1437 1879 leguntur
1467 1782 1669 1879 subscripta:

361 1882 605 1958 'Formusoriu
634 1877 818 1978 Aduocat4
843 1880 1070 1955 Procuratorri
1098 1881 1247 1956 Romane
1280 1883 1367 1957 curie
1399 1902 1412 1961 t
1442 1878 1545 1979 Regu·
1569 1880 1689 1975 persen

387 1982 498 2056 menti:
509 1977 658 2076 prassini
667 2003 685 2050 o
712 1977 877 2084 endtsſsm
893 1980 969 2052 iura
983 1981 1145 2054 comenia:
1159 1978 1355 2080 exosiifflma
1370 1978 1522 2076 diligata
1540 1975 1688 2073 impiffinn

389 2074 642 2174 BusylceAnno
681 2075 725 2148 ii.
742 2073 799 2149 M.
810 2101 891 2152 cccc.
906 2072 1180 2246 [xxxixhpuarto
1196 2075 1430 2247 ydusMorcib'.
1442 2075 1526 2172 finit
1536 2073 1692 2173 sensitis.

330 2206 334 2214 ·
593 2170 783 2263 Confidicus
809 2170 857 2267 id
879 2184 980 2271 ngat:
1008 2176 1041 2246 iu
1067 2199 1109 2246 ex
1135 2199 1173 2247 ne
1197 2170 1330 2251 tabellio
1353 2171 1396 2248 do
1425 2197 1465 2250 us

629 2267 835 2367 Patronusue
852 2268 945 2359 soro:
972 2272 1049 2346 iura
1074 2271 1201 2347 clientis
1224 2296 1340 2371 agens.

589 2363 749 2441 Perdocet
776 2367 830 2469 isle
854 2364 954 2441 siber:
983 2367 1108 2466 causan
1138 2368 1273 2444 condere
1291 2370 1425 2465 surmus

630 2461 785 2566 Quisquis
807 2489 900 2543 annus
924 2464 1038 2544 sessor:
1064 2466 1120 2544 suc
1146 2466 1189 2545 bu
1213 2465 1288 2570 [uffa
1310 2467 1414 2567 legun

233 2761 406 2856 XXVI.
441 2750 481 2847 T
476 2771 602 2850 nutus
620 2757 936 2855 Sententiarum
955 2768 1095 2881 (Petri
1112 2766 1374 2880 Lombardi)
1398 2792 1490 2855 nuru
1516 2760 1863 2865 concinionibus

352 2877 457 2985 (lici
489 2902 538 2962 uc
574 2876 718 2963 titulis
744 2874 965 2990 questionu
983 2877 1125 2995 juniii
1156 2879 1313 2970 Tirone
1343 2881 1616 2996 Articulisqg
1653 2865 1905 2990 Parenta:

347 2990 392 3077 8
425 2988 470 3074 iu
508 2989 663 3102 quibus
697 2994 797 3110 nugi
845 2995 979 3083 coitur
1014 3003 1077 3086 no*
1109 2979 1239 3086 tennes.
1316 2996 1489 3087 Bauleae
1514 3024 1592 3114 per
1621 2995 1869 3086 Nicolaum

351 3100 527 3192 Kessler
554 3130 679 3217 1439.
714 3107 759 3194 in
786 3104 825 3195 F
829 3110 888 3197 ol.
1565 3134 1569 3139 ·
1889 3140 1904 3154 ··

396 3298 536 3374 Titulus
551 3298 662 3374 modo
677 3300 845 3377 recitatus
866 3303 994 3398 legion
1014 3307 1051 3379 in
1073 3304 1186 3404 pn'rna
1211 3308 1312 3404 primi
1336 3308 1411 3385 solii
1432 3308 1577 3405 pagina:
1603 3307 1639 3380 in
1663 3306 1788 3382 aversa
1806 3331 1870 3381 au·

234 3411 311 3508 tem
333 3392 503 3507 ejusdem·
512 3395 694 3491 sequuntur
725 3397 830 3473 Tituli
855 3404 1048 3499 questionum
1066 3401 1305 3501 seruditione
1324 3405 1398 3514 sup
1416 3409 1559 3502 primurn
1583 3404 1707 3478 librum
1727 3403 1867 3514 santen-

237 3505 379 3575 tranum,
404 3493 551 3587 gothico
575 3494 773 3572 charastere
795 3498 1019 3575 minutiffimo
1041 3501 1206 3597 impressi,
1238 3501 1276 3577 &
1297 3504 1335 3577 in
1359 3504 1477 3579 aversa
1502 3494 1640 3577 secundi
1662 3504 1739 3577 solii
1763 3523 1869 3598 pagr-

236 3610 284 3660 na
308 3589 494 3666 terminati.
542 3588 646 3665 Folio
666 3595 769 3668 tertio
791 3596 910 3692 incipit
934 3593 1117 3771 P'i'iim'
1145 3600 1205 3694 qui
1229 3601 1393 3696 quidem,
1422 3614 1463 3674 ut
1486 3597 1554 3697 ipse
1576 3612 1698 3673 textus
1723 3600 1868 3673 senten·

237 3685 367 3759 tiarurn
392 3686 537 3782 gothico
563 3687 762 3765 charastere
785 3692 835 3768 sat
858 3716 992 3788 magno
1090 3696 1272 3772 luculento
1293 3698 1329 3772 in
1351 3698 1487 3774 duabus
1513 3696 1692 3770 columnis
1717 3693 1870 3790 impres·

108 3848 116 3859 .
238 3778 295 3853 sus
317 3779 386 3854 est:
417 3781 668 3858 Concluslones
692 3810 776 3863 vero
798 3791 916 3864 textui
943 3790 1122 3886 subinstet,
1154 3815 1304 3888 quarum
1329 3795 1448 3871 autior
1475 3792 1524 3866 est
1549 3793 1730 3869 Hernicus
1758 3792 1872 3867 Gori·

242 3876 347 3961 hem,
375 3877 433 3951 seu
463 3878 509 3952 de
531 3881 711 3967 Gorkurn‚
747 3885 968 3961 minutiffimo
995 3888 1073 3964 sunt
1102 3890 1304 3967 charasiete
1339 3888 1527 3989 impressae,
1553 3890 1681 3965 eodem
1713 3913 1869 3988 nempe²

242 3994 314 4067 quo
343 3973 381 4048 S.
398 3974 549 4050 Thomae
580 3980 788 4072 quaestiones
818 3983 924 4078 paulo
946 4000 1030 4060 ante
1053 3986 1220 4063 laudatae.
1269 3989 1425 4066 initiales
1446 3989 1565 4063 literas
1589 4009 1739 4085 parvaS‚
1790 3986 1869 4084 agi·

242 4093 369 4145 aarum
390 4070 649 4165 inscriptiones,
679 4101 710 4151 e.
728 4100 761 4170 g.
790 4078 892 4154 Lis.
917 4125 955 4135 -
984 4083 1046 4158 Di.
1077 4083 1224 4170 XXV„
1258 4084 1296 4160 ὅ(
1320 4085 1514 4182 lignaturas
1539 4087 1583 4159 ab
1608 4101 1729 4162 a-t
1824 4086 1871 4160 ab

242 4164 278 4239 A
297 4207 339 4220 -
355 4167 400 4242 U.
423 4170 668 4280 typographus
693 4173 838 4269 adjecit:
867 4179 989 4255 desunt
1011 4204 1097 4256 vero
1116 4182 1253 4256 numeri
1273 4183 1456 4267 foliorum,
1480 4182 1517 4257 δι
1533 4183 1705 4259 custodes,
1757 4184 1870 4259 Liber

243 4262 417 4337 secundus
443 4264 690 4344 sentennarum
720 4273 928 4350 terminatur
957 4279 992 4351 in
1019 4279 1184 4352 columna
1207 4281 1309 4354 tertia
1331 4280 1405 4354 folii
1428 4280 1541 4374 quinti
1564 4283 1811 4376 quaternionis
1832 4292 1869 4353 t:

169 4408 174 4417 ·
242 4357 326 4469 solia
346 4360 507 4455 ejusdem
528 4367 766 4456 quaternionis
789 4368 921 4465 reliqua
941 4374 1221 4467 complessentur
1245 4378 1370 4452 titulos
1394 4378 1624 4472 quaestionum
1648 4379 1687 4452 S.
1711 4378 1873 4452 Thomae

243 4475 279 4527 ln
303 4456 431 4530 librum
454 4458 599 4532 tertium
628 4458 895 4547 sententiarum,
923 4470 982 4563 qui
999 4471 1117 4566 incipit
1140 4474 1173 4544 in
1197 4475 1310 4568 prima
1334 4476 1464 4570 pagina
1485 4474 1558 4548 solii
1581 4473 1706 4568 signati
1723 4471 1771 4550 A.
1828 4473 1874 4548 lu

247 4551 365 4625 aversa
389 4555 519 4650 pagina
546 4555 621 4632 solii
651 4555 738 4636 sexti
773 4564 943 4641 ternionis
968 4566 1010 4655 Q.
1041 4566 1148 4667 paulo
1180 4583 1265 4646 ante
1297 4574 1457 4650 medium
1479 4573 1695 4670 typographi
1723 4568 1877 4663 infignia

409 4705 423 4731 .
987 4722 991 4731 .
1735 4688 1831 4742 con-
