3892 5182
799 305 1161 431 ss
1401 311 1403 315 ’
1685 320 1769 434 162

163 516 326 629 bgdunsst
345 511 514 615 ordinisqg
528 514 652 612 svolrii
713 512 879 614 edicula-z·
949 512 1103 591 Litterae
1126 513 1208 594 sunt
1232 514 1393 613 gothicae
1416 508 1565 605 formae,
1585 516 1761 614 oblongae

160 616 415 700 &admodum
437 617 603 712 pinques.
693 614 804 690 abent
824 633 996 708 magnam
1020 609 1295 691 similitudinem
1325 639 1411 691 cum
1434 613 1567 690 litteris
1587 614 1763 694 Fausti&

157 713 359 812 Scboyfferi
386 712 605 885 ma'ip'oribus,
632 710 764 808 quibus
794 712 950 808 primam
978 725 1121 806 partem
1145 710 1294 788 summae
1325 711 1363 788 S.
1383 712 1536 789 Tbomae
1562 703 1773 808 Aquinatis'

156 810 550 1011 ssgffith'cissfferus.
602 906 780 995 Quamvis
796 928 885 980 vero
912 928 988 979 non
1008 903 1078 979 sint
1095 906 1255 994 eaedem,
1282 906 1456 982 videntur
1478 920 1603 982 tamen
1623 905 1684 981 vel
1703 907 1764 982 hoe

157 1012 198 1087 ad
215 1009 385 1092 illarum,
409 1004 468 1080 vel
488 1003 565 1081 istae
583 1005 632 1080 ad
659 1005 791 1079 harum
812 989 1186 1079 imitationem‘fatiae
1207 1003 1319 1080 fuisse.
1381 1004 1520 1080 Desunt
1547 1003 1668 1079 ubivis
1699 1026 1763 1078 cu·

154 1108 290 1189 stodes,
318 1102 532 1201 signaturae,
554 1101 690 1177 litterae
711 1100 891 1187 initiales,
919 1100 1138 1197 paginarum
1153 1102 1297 1177 numeri
1321 1102 1359 1180 dt
1381 1101 1646 1273 inscriptiones.
1697 1100 1764 1174 Di·

153 1202 352 1283 llinstionis
375 1200 515 1297 signum
533 1200 674 1275 nullum
699 1197 888 1273 observavi
910 1194 975 1272 nisi
993 1198 1177 1295 punitum.
1234 1198 1374 1275 Charta
1396 1198 1447 1276 est
1462 1206 1485 1297 p
1499 1222 1570 1275 ane
1592 1196 1765 1295 praestan·

152 1300 300 1388 numia,
325 1298 427 1384 albo,
451 1297 606 1385 munda,
626 1295 750 1395 firma.
831 1295 982 1384 Quaevis
1006 1295 1142 1393 pagina
1168 1296 1313 1395 integra
1332 1296 1450 1375 lineas
1471 1321 1530 1397 34
1556 1294 1764 1394 complesti·
1910 1296 1913 1301 ’

148 1415 232 1489 tur,
257 1411 304 1476 ut
323 1397 362 1473 in
385 1394 549 1473 editione
570 1395 684 1493 priori
705 1392 751 1469 N.
768 1390 898 1471 LVIII.
922 1390 1108 1471 recensita.
1390 1400 1406 1429 ²·
1430 1392 1435 1399 '
1890 1424 1896 1435 1

154 1642 343 1745 uxxv.
370 1618 414 1732 s
441 1642 627 1735 uiomae
647 1616 882 1775 equinatis
903 1639 1080 1733 summa
1100 1640 1276 1733 deidei
1295 1616 1510 1750 ameum,
1537 1642 1582 1732 u
1607 1639 1767 1734 uene

277 1758 667 1850 basiorumeniis'.
699 1777 744 1844 m
762 1779 859 1866 4to.
1592 1816 1596 1825 .
1798 1796 1801 1801 -

247 1956 337 2035 Hoc
361 1955 591 2052 opusculum;
615 1928 903 2030 foliis'constans
923 1915 1097 2050 impressis
1120 1896 1316 2036 tredecim,
1343 1951 1550 2032 charastere
1564 1951 1771 2031 admodum

461 808 557 886 Vlll.
583 807 797 884 recensitam
817 808 931 883 iidem
953 793 1223 904 improborum,
1265 809 1328 886 vel
1348 809 1477 884 Fausto
1497 808 1666 885 debinslo
1692 812 1763 886 im·
1906 898 1909 903 ¹

158 2058 301 2135 minuto
328 2055 478 2150 gothico
501 2051 708 2149 impressum
728 2050 789 2127 est.
838 2050 994 2126 Litterae
1014 2050 1093 2126 sunt
1107 2048 1460 2140 'adrnodum'rudes,
1486 2053 1577 2130 &iii
1592 2050 1774 2148 aequales¹
1900 2096 1918 2117 .-

157 2170 197 2233 ut
215 2152 377 2252 sculptas
396 2153 484 2236 elle,
523 2174 597 2227 non
621 2147 717 2224 susas
743 2149 808 2224 vix
835 2147 1012 2225 dubitem.
1092 2148 1235 2225 Praeter
1255 2148 1429 2244 punitum
1451 2150 1593 2241 nullum
1615 2148 1771 2223 omnino

164 2253 318 2329 oonirrit
336 2243 479 2345 siguum
498 2245 746 2323 dillintlionis.
794 2243 874 2322 Nec
895 2241 959 2340 ipsr
979 2244 1082 2342 operi
1100 2246 1140 2320 iii
1158 2245 1300 2331 fronte,
1326 2270 1395 2323 nec
1417 2248 1601 2333 articulis,
1629 2258 1769 2320 autca-

171 2350 315 2447 piiibiis,
340 2349 380 2421 in
400 2366 487 2445 ¹quoe
509 2343 665 2421 divisum
686 2343 763 2428 est,
803 2341 950 2440 praefixi
974 2340 1057 2419 sunt
1072 2341 1182 2418 tituli
1209 2352 1277 2417 aut
1298 2341 1562 2441 inscriptiones.
1630 2339 1770 2417 Desunt
1894 2342 1900 2349 ’

175 2446 266 2523 enm
293 2445 419 2520 ubivis
441 2442 577 2520 litterae
598 2441 780 2526 initiales,
804 2438 990 2528 custodes,
1017 2438 1232 2534 signaturae,
1258 2439 1475 2537 paginarum
1495 2439 1639 2517 numeri
1656 2439 1696 2517 de
1712 2440 1775 2513 in··

167 2540 384 2642 scriptiones.
435 2541 572 2618 Charta
596 2536 647 2613 est
669 2538 869 2612 admodum
887 2534 1013 2623 lirma,
1039 2537 1141 2622 alba,
1167 2537 1207 2614 dt
1225 2537 1351 2634 polito.
1400 2539 1588 2616 chartarii
1608 2536 1767 2634 signum.
1813 2567 1815 2572 ·

165 2640 262 2717 seuiel
288 2651 438 2713 tantum
461 2655 676 2720 occurrens,
700 2634 852 2709 unicum
873 2632 1080 2721 observavi,
1103 2640 1236 2730 nempe
1253 2649 1365 2733 caput
1385 2637 1512 2724 bovis,
1541 2635 1647 2712 cuius
1672 2635 1770 2709 inter

160 2733 420 2815 oomnastilus
442 2730 591 2824 exurgit
612 2731 651 2805 in
673 2729 811 2807 stellam
832 2728 1009 2807 desinens.
1072 2727 1135 2807 Ad
1156 2731 1296 2813 calcem
1316 2732 1476 2832 opusculi
1498 2726 1653 2832 sequens
1677 2729 1770 2829 legi·
1865 2782 1868 2788 -
1931 2810 1941 2821 ,

163 2846 227 2929 tur
247 2832 379 2911 notitia
407 2831 509 2930 typis
532 2827 687 2916 iisdem,
702 2829 846 2925 'quibus
868 2826 941 2924 ipse
963 2840 1091 2904 textus
1113 2827 1298 2925 impressa:

415 2930 418 2934 ’
602 2921 761 3023 Explicit
772 2923 907 3024 sommo
917 2921 962 2999 'de
975 2924 1129 3001 articulis
1136 2924 1277 3022 fidei&
1291 2952 1326 3001 ec
1474 3006 1477 3011 ,

603 3022 694 3123 cleſse
713 3020 943 3121 sacramentis.
972 3021 1063 3096 edito
1092 3022 1244 3119 osvorrr
1268 3021 1325 3097 ciro

465 3146 468 3151 ·
602 3143 660 3197 ma
685 3119 727 3194 dr
754 3122 886 3217 aquino.
909 3116 1038 3195 ordinis
1051 3120 1207 3214 fratrum
1221 3118 1323 3220 predi

607 3229 767 3294 colorom.
818 3215 893 3293 Deo
926 3218 1073 3316 gracias.
1825 3247 1829 3254 ·

162 3316 219 3395 Ex
251 3312 521 3395 characteribus
553 3314 664 3414 hujus
693 3316 868 3393 editionis
897 3337 998 3392 ame
1018 3313 1202 3413 assignatis
1229 3328 1320 3416 puto
1341 3314 1450 3392 facile
1473 3312 1570 3412 polle
1597 3311 1769 3400 concedi,
1930 3324 1936 3333 '

164 3412 298 3493 librum
318 3414 425 3489 istum
445 3412 570 3489 saltem
590 3415 687 3489 circa
706 3436 875 3490 annum1
905 3439 963 3513 70.
977 3414 1079 3509 fuisse
1100 3417 1202 3510 typis
1224 3414 1407 3491 excusum.
1441 3412 1493 3490 Ut
1506 3423 1631 3489 autem
1646 3411 1779 3487 distin·.
1818 3417 1821 3423 '

213 3514 222 3531 '
244 3513 328 3590 iiaec
351 3510 466 3586 editio
489 3511 535 3586 ab
554 3510 638 3586 aliis
664 3508 858 3597 sincium,
879 3438 923 3588 br
943 3528 1042 3605 anno
1056 3512 1280 3588 editionibus
1299 3509 1403 3612 poffit
1414 3510 1579 3597 facilius,
1606 3508 1697 3585 illud
1715 3509 1772 3584 in·

165 3536 268 3723 anper
287 3607 491 3693 annotabo,
532 3609 897 3707 paginam-quamvis
915 3609 1036 3686 lineas
1064 3610 1256 3783 complesti
1278 3636 1344 3708 34,
1363 3604 1420 3688 ’δι
1441 3621 1589 3686 textum
1611 3606 1775 3704 opusculi
1843 3684 1851 3698 ‚

167 3707 416 3818 terminariiii
442 3707 561 3820 prima
587 3708 720 3821 pagina
745 3707 826 3785 solii
852 3708 986 3784 decimi
1011 3706 1130 3822 tertii,
1167 3708 1249 3786 inea
1266 3710 1411 3824 decima
1427 3708 1548 3784 tertia.
1597 3703 1788 3800 lintiqui-¹

166 3818 281 3881 tatem
313 3803 487 3879 editionis
518 3802 746 3880 1lludetiam
774 3803 924 3918 probat,
966 3808 1064 3919 quod
1093 3830 1132 3883 in
1156 3806 1228 3919 line
1249 3809 1430 3920 linearum
1450 3806 1615 3917 abruptae
1639 3826 1773 3877 vocum

169 3902 314 4073 {Hibis
335 3900 436 4014 nullo
458 3899 558 3995 signo
579 3925 669 4016 cum·
682 3903 913 4016 sequentibus
937 3900 1082 4015 syllabis
1110 3901 1600 4016 conjungendaeiudicentur
1619 3900 1657 3976 dt
1673 3897 1774 3973 nulla

205 4022 245 4074 re
271 3999 371 4073 linea
395 4021 435 4081 in
452 3999 592 4081 ‚eodem
620 4013 735 4077 etum
754 3997 965 4098 ,paginollt
978 4003 1156 4099 eiusdem
1169 4003 1414 4100 longitudinis
1435 4020 1521 4077 cuni
1543 3997 1660 4076 altera
1684 4013 1775 4093 qua·

171 4116 335 4194 cumque.
661 4137 667 4146 -
1447 4130 1451 4155 ÷
1491 4154 1496 4163 .
1842 4133 1850 4146 ·

177 4360 380 4457 LXXVI.
428 4367 477 4477 1)
501 4360 705 4455 Lothiirii
728 4283 1214 4473 Diaconi‘Cer'diiinlim
1244 4367 1392 4482 posteo
1417 4360 1668 4457 Innocentii
1689 4360 1775 4455 Ill.
1907 4342 1910 4347 ¹

283 4478 340 4573 ii.
368 4474 417 4575 P..
454 4478 591 4571 Liber
613 4481 667 4567 de
684 4476 870 4573 Miseria
905 4481 1172 4583 conditionis
1201 4485 1407 4575 humane,
1466 4482 1518 4595 2)
1541 4477 1775 4581 Tradimus

262 4590 713 4771 bipartitusiinceoti
741 4592 931 4685 nonoris
957 4599 1019 4689 de
1055 4601 1281 4763 creatione
1304 4595 1479 4707 mundi,
1498 4592 1794 4823 donpiggieone.
