3892 5182
179 316 239 410 ἰο
826 267 1148 397 ss

97 522 100 527 ¹
181 478 356 602 implestis·
383 483 421 599 ip
453 474 769 657 passo-Burgdors
794 479 903 597 Anno
937 478 997 557 det
1024 478 1192 594 millefimo
1218 463 1535 598 quadringentesimo
1550 484 1794 603 siptaogefimo

181 595 306 682 quanto.
356 582 436 661 Has,
467 582 634 657 obnexus
654 578 705 655 est
733 573 816 654 ordo
830 579 955 678 solro4.
981 575 1018 654 h.
1035 603 1067 654 e.
1089 577 1274 655 rndrculus
1295 600 1497 678 primarum
1525 609 1689 685 cujusvrs
1715 588 1794 686 pla·

181 683 279 780 gulae
301 703 454 767 vocum,
480 675 736 775 Bibliopegarn
760 679 801 756 in
819 677 1033 756 ordinandis
1055 675 1287 775 plagularum
1316 677 1495 760 fasciculis
1517 683 1691 782 dirigens.
1737 706 1741 712 ’

179 891 318 988 VIII.
343 868 516 1003 Valerii
531 890 719 981 MaxImi
737 886 971 981 Diblorum
985 887 1026 978 F
1030 885 1312 1007 aliorumque
1328 894 1676 1001 memorabilium
1694 895 1795 986 libri

294 1033 474 1101 novem.
545 1004 738 1122 Imprefli
760 1005 1010 1097 Mediolani
1042 1029 1296 1119 an11.1475.
1331 1034 1410 1125 per
1430 1011 1678 1101 Antonium
1710 1010 1793 1103 Za·

229 1166 232 1185 ·
290 1145 456 1212 sottum
482 1121 527 1210 in
552 1119 593 1211 F
596 1123 756 1310 olfix
1073 1139 1077 1146 ’

272 1319 312 1394 In
339 1317 457 1415 prima
477 1317 598 1415 opens
625 1315 760 1414 pagina
783 1316 918 1413 legitur
942 1318 1039 1392 Boni
1064 1316 1225 1394 Accursri
1248 1316 1367 1395 Pisani
1388 1319 1436 1396 ad
1460 1318 1638 1397 Cicchum
1662 1320 1788 1397 Simo·

174 1430 301 1495 netam
323 1417 483 1513 primum
507 1415 675 1490 ducalem
700 1414 933 1490 secretarium
971 1415 1120 1514 epistola
1153 1417 1397 1504 dedicatorIa,
1435 1420 1569 1515 inqua
1596 1418 1787 1506 Valerium

172 1517 382 1593 Maximum
403 1537 426 1588 a
448 1515 481 1591 se
505 1511 668 1588 emendati
690 1538 751 1587 rme
773 1513 968 1601 corcellum,
1010 1512 1051 1590 ss
1072 1512 1235 1612 quidquid
1258 1528 1330 1589 erar
1353 1519 1495 1592 aliorum
1515 1520 1528 1590 i
1552 1518 1708 1591 noraotia
1731 1519 1785 1591 in·

39 1644 45 1659 ’
163 1613 292 1713 satum
314 1623 497 1710 exemplum
510 1610 657 1713 suiffea
711 1622 816 1687 rmat.
868 1612 976 1687 Hanc
999 1613 1038 1686 in
1060 1613 1190 1688 eadem
1214 1616 1348 1709 pagina
1372 1616 1511 1711 excipit
1526 1545 1624 1691 {oni
1643 1612 1790 1690 accur-

171 1711 211 1787 fii
230 1711 440 1809 explanatio
467 1712 707 1807 quorumdam
731 1709 932 1807 locorum„
956 1732 1039 1805 quae
1069 1713 1108 1785 in
1129 1710 1202 1807 ipsa
1227 1711 1364 1788 Valerii
1388 1714 1545 1789 Maximi
1590 1713 1786 1790 raesatione

171 1810 211 1885 in
233 1833 325 1905 opus
349 1808 505 1906 praesens
527 1820 734 1883 occurrunt.
787 1808 826 1882 ln
850 1807 1012 1903 sequenti
1034 1809 1124 1882 solio
1148 1811 1345 1902 incipiunt:
1377 1811 1510 1886 Valerii
1573 1814 1682 1885 axinzi
1702 1808 1786 1909 (ca-

171 1906 344 2004 pitalibus
367 1903 522 2002 litteris)
543 1904 717 1980 Dillorum
744 1905 795 1979 El
822 1904 996 1981 Foliorum
1026 1904 1297 1981 Memorabilium
1325 1906 1511 1990 Rubriano
1541 1931 1624 2005 quae
1653 1911 1784 1986 tenni-

1 2009 8 2017 ’
170 2019 305 2080 nantur
335 2002 414 2079 folii
447 2004 548 2078 tertii
576 2006 710 2099 pagina
741 2004 858 2098 prima
887 2003 983 2078 linea
1011 2029 1066 2082 22.
1098 2003 1237 2080 Aversa
1260 2008 1393 2102 pagina
1416 2030 1531 2082 vacua
1554 2007 1613 2083 est.
1677 2007 1783 2082 Folio

171 2117 302 2200 quarto
326 2103 474 2177 demum
495 2100 609 2198 ipsum
633 2124 725 2198 opus
749 2101 889 2197 incipit.
984 2102 1193 2198 lmrelsum
1213 2103 1264 2179 est
1288 2105 1493 2179 cbaraltere
1523 2105 1682 2181 rotundo
1706 2105 1782 2182 ele·

168 2198 386 2297 gantilsrmo.
434 2200 596 2275 Litteras
620 2200 781 2275 initiales
806 2222 938 2295 parvas
964 2203 1049 2276 inde
1065 2225 1087 2274 a
1105 2201 1187 2277 libri
1208 2204 1317 2299 primi
1340 2204 1491 2301 capituli
1513 2206 1634 2299 quarti
1653 2227 1779 2278 exem-

167 2299 231 2395 plo
251 2298 425 2383 secundo,
466 2298 565 2394 quod
588 2297 638 2372 est
659 2297 715 2372 De
739 2297 864 2371 Marco
884 2297 930 2374 'ss
950 2298 1105 2381 Flamma
1128 2303 1266 2399 capitis,
1305 2326 1350 2378 us
1379 2327 1424 2379 ue
1450 2302 1498 2379 ad
1522 2301 1632 2378 linem
1653 2303 1778 2397 operis¹

168 2411 184 2470 t
214 2419 326 2493 pogra
352 2395 390 2470 hi
412 2394 475 2492 ipsr
498 2394 722 2493 adjecerunt.
773 2396 815 2470 ln
837 2396 1128 2508 praecedentibus
1155 2416 1280 2475 autem
1305 2325 1441 2475 deluat.
1502 2398 1638 2473 Desunt
1663 2399 1778 2475 etlam

167 2419 288 2568 uiivis
325 2504 522 2587 ignaturae‚
548 2494 735 2579 custodes,
764 2516 980 2590 pagrnarum
1003 2495 1157 2567 numeri.
1208 2493 1270 2567 Ad
1292 2496 1431 2569 calcem
1455 2495 1542 2569 noni
1569 2495 1652 2572 libri
1675 2498 1776 2593 capi·

165 2591 300 2668 talibus
326 2591 480 2680 utteris,
507 2592 546 2669 dc
568 2594 732 2669 numeris
755 2591 934 2665 Romanis
960 2589 1125 2684 impressa
1146 2590 1228 2664 lraec
1251 2588 1441 2686 leguntur:

701 2689 757 2766 M.
789 2686 923 2765 CCCC.
950 2683 1111 2761 LXXV.
1148 2685 1239 2764 VII.

803 2784 884 2861 ΚΕ.
913 2781 1128 2859 Novembres.

731 2893 737 2903 '
863 2877 1065 2956 Mediolani.
1200 2920 1203 2926 ·
1323 2942 1329 2959 ,

749 2976 821 3058 An.
866 2978 1039 3085 Imprefflt.
1087 2976 1174 3056 ZA.

160 3080 238 3160 Per
252 3078 336 3173 Aa„
355 3076 440 3157 ZA.
464 3079 742 3180 intelligendum
768 3076 836 3154 else
862 3075 1069 3155 Antonium
1092 3078 1287 3154 Zarottum
1314 3074 1594 3158 celeberrimum
1620 3078 1766 3160 Medio·

158 3183 233 3261 lani
256 3179 319 3256 illa
338 3194 451 3256 aetate
476 3177 747 3281 typographum
769 3201 897 3265 nemo,
921 3191 964 3254 ut
986 3179 1140 3274 opinor,
1166 3177 1313 3252 vocabit
1338 3177 1376 3250 in
1404 3174 1573 3254 dubium.¹
1644 3178 1765 3258 Acce·

23 3357 24 3360 ,
156 3272 212 3375 dit'
238 3279 352 3356 index
376 3276 625 3377 alphabeticus
649 3273 902 3372 copiosrlsrmus
922 3277 1161 3351 materiarum
1182 3272 1282 3348 foliis
1299 3297 1354 3348 22.
1379 3277 1678 3372 comprehensus,
1704 3282 1776 3359 cui.

182 3378 334 3454 raemilsa
356 3372 406 3453 est
428 3372 610 3452 instrustlo
638 3372 686 3448 ad
709 3374 923 3472 expeditum
946 3372 1111 3471 ejusdem
1136 3370 1248 3447 usum.
1314 3370 1483 3461 Orlandi‚
1512 3374 1761 3472 Hamberger‚'

194 3476 362 3560 arwood,
388 3471 450 3550 hu'
499 3466 573 3568 que
590 3471 771 3569 interpres
794 3468 903 3548 Alter
924 3472 1019 3547 hanc
1046 3471 1248 3547 editionem
1272 3493 1345 3543 non
1368 3472 1589 3549 excitarunt.
1640 3476 1695 3551 Cl.
1713 3476 1761 3554 de

151 3571 565 3749 iiierresffiruiriimt
589 3582 745 3649 tantum.
777 3570 970 3683 *Editores
993 3567 1132 3647 Valerii
1157 3567 1314 3645 Maximi
1336 3567 1530 3665 Bipontini
1554 3571 1601 3648 de
1626 3592 1670 3649 ea
1696 3593 1764 3673 pa-

149 3862 230 3974 IX.
256 3881 303 3977 S.
326 3870 557 3994 Augustini
582 3877 739 3985 Liber,
771 3840 1095 3998 Quinquaginta
1127 3881 1391 3999 capellatus,
1438 3877 1509 3971 seu
1538 3885 1683 3974 verius
1713 3887 1759 3976 S.

264 3991 496 4109 Augustini
519 3995 829 4113 quinquaginta
851 3988 1143 4105 Homiliae..de
1174 3998 1305 4085 variis
1331 4002 1523 4089 materiis
1554 4004 1762 4118 Augullae

260 4105 398 4201 Vind.
421 4136 502 4226 per
536 4121 710 4203 Anton.
734 4110 858 4226 Sorg.
890 4139 1002 4202 anno
1028 4138 1157 4226 ·1475.
1176 4108 1234 4201 in
1256 4109 1297 4200 F
1302 4114 1363 4206 ol.
1446 4171 1449 4175 -

223 4302 467 4413 Praemissum
488 4308 539 4386 esi
564 4309 775 4408 regilinrm,
803 4308 862 4396 sen
881 4307 1000 4385 index
1023 4304 1290 4397 Homiliarum‚
1317 4329 1401 4406 quae
1425 4286 1635 4410 hoc'opere
1666 4337 1757 4399 con·

143 4407 328 4496 tinemm,
351 4421 546 4504 utramque
568 4408 781 4504 prisnifolii
797 4406 955 4503 implens
981 4406 1164 4500 paginam.
1215 4404 1319 4483 Folio
1340 4405 1496 4482 secundo
1521 4404 1648 4508 lucini
1669 4409 1757 4505 liber
1794 4463 1803 4477 -

141 4508 430 4616 beod‘Augussini
453 4513 608 4627 episcopi,
697 4515 723 4624 ἰ
737 4524 876 4628 vocabar
898 4512 1098 4627 quiap‘ginlo
1123 4510 1180 4587 De
1205 4537 1242 4585 eo
1267 4510 1357 4610 quod
1368 4510 1459 4628 scri·
1509 4522 1515 4533 ’
1543 4520 1610 4633 ιβ
1641 4512 1753 4626 Δ,ίίιιὶι

136 4616 182 4717 ,ιβ
200 4608 312 4705 lamo,
339 4614 398 4713 qo·
426 4612 501 4692 vult
526 4615 600 4692 vitri
622 4534 774 4714 Melpo
798 4606 910 4692 ardere
937 4608 1008 4690 dm
1024 4608 1135 4691 ,bonos
1170 4611 1241 4716 (ln
1268 4612 1400 4693 eadem
1537 4614 1753 4785 xrotesrnjerio

1088 4746 1092 4750 .
1631 4732 1696 4808 pa,
