3892 5182
59 2294 61 2298 ,
205 2201 343 2291 libros
373 2195 428 2279 de

784 446 1257 591 arear.
1321 644 1324 651 Ι

407 657 684 771 NOTA
752 651 1586 767 ANN1·cnRENTES
1657 644 1660 649 “

937 816 1062 889 sel)
1204 860 1206 867 ,

194 938 933 1053 raouaarurssrnru
991 936 1220 1032 anna
1284 935 1585 1032 annum
1637 962 1853 1054 rarat

936 1089 1071 1164 vlru

477 1323 482 1345 Ι
590 1152 785 1293 caasa
832 1209 995 1289 nura
1037 1208 1253 1288 annun
1295 1196 1420 1307 143‘0.

880 1336 1143 1414 IMPRESSL

199 1522 277 1728 In
305 1608 578 1708 recensendis
604 1608 729 1699 hisce
764 1607 887 1699 libris
924 1631 1025 1695 eum
1062 1599 1303 1694 observabo
1339 1603 1558 1710 ordinem,
1598 1621 1646 1690 nt
1674 1601 1817 1718 primo

203 1746 308 1833 loco
339 1750 578 1850 ponantur,
606 1752 791 1840 quorum
819 1743 985 1831 certus,
1014 1723 1088 1839 vel
1115 1716 1265 1808 saitem
1288 1721 1476 1807 maxime
1493 1717 1741 1833 probabilis
1755 1718 1836 1807 esi—

201 1846 517 1971 typographus,
574 1839 692 1930 Tum
716 1846 822 1930 vero
855 1865 934 1927 eos
965 1832 1223 1940 recensebo,
1272 1833 1632 1951 quiantiquitate
1657 1837 1818 1922 ceteris

205 1967 399 2088 praestare
427 1958 533 2048 mibi
560 1957 637 2046 visi
669 1951 763 2046 sunt
793 1955 900 2044 licet
932 1954 986 2040 de
1011 1954 1249 2049 eorundem
1278 1953 1351 2040 vei
1380 1952 1484 2037 ioco
1510 1947 1824 2062 impressionis,

211 2086 287 2175 vei
317 2071 604 2275 typo44rapho'
628 2099 718 2159 non
743 2071 870 2157 ausim
895 2087 1057 2155 certam
1080 2063 1195 2154 serre
1221 2065 1489 2155 sententiam.
1580 2074 1646 2157 lta
1679 2086 1827 2157 autem

447 2187 570 2304 cripsr
593 2185 799 2298 singulos,
830 2205 879 2272 ut
905 2179 1086 2270 discerni
1112 2181 1351 2268 eorundem
1375 2182 1593 2271 editiones
1618 2210 1729 2272 ame
1747 2185 1824 2275 de·

206 2311 373 2427 scriptae
391 2303 524 2393 facile
546 2298 702 2416 possint
724 2301 776 2388 ab
798 2299 894 2386 aliis
917 2298 1000 2384 sine
1020 2297 1125 2383 loco
1145 2292 1189 2383 dt
1207 2321 1320 2382 anno
1337 2297 1620 2385 editionibus.
1679 2296 1822 2388 Exor-

211 2430 330 2517 dium
355 2418 515 2510 saciam
539 2444 562 2502 a
583 2415 727 2517 libris,
759 2440 870 2532 quos
892 2410 1126 2526 Udalricus
1149 2407 1246 2498 Zeis
1267 2411 1320 2497 de
1337 2410 1515 2515 Hanau‚
1545 2413 1822 2502 coloniensis

208 2533 533 2656 Typographus
572 2526 798 2643 impressit,
843 2528 918 2641 qui
945 2525 1105 2614 ceteris
1138 2524 1269 2612 etiam
1298 2527 1520 2642 plerisque
1550 2529 1747 2637 raritate3
1777 2526 1824 2618 δι

82 2735 89 2748 ,
210 2652 471 2770 antiquitate
502 2643 711 2760 prestant.

268 2916 579 3010 narraretur
602 2911 1108 3027 (arga-rnamenta,
1126 2915 1297 3015 separa
1320 2917 1500 3024 mappa
1515 2919 1616 2998 aaa
1630 2864 1773 2998 aaran.

214 3112 255 3210 l.
284 3101 431 3197 Sansii
459 3096 666 3191 Bernardi
693 3093 926 3185 Traciatus
965 3068 1019 3184 de
1057 3096 1237 3187 Plancio
1273 3098 1419 3188 Beatae
1454 3092 1607 3191 Mariae
1645 3101 1691 3188 in
1733 3120 1825 3210 4to.

312 3302 355 3376 ln
375 3298 542 3374 fronteo
568 3292 698 3380 usculi,
725 3292 823 3389 quod
844 3290 904 3392 sen
926 3303 1071 3367 tantum
1094 3291 1233 3366 constat
1255 3293 1355 3368 soliis
1374 3281 1568 3390 impressis,
1608 3296 1690 3371 haec
1711 3298 1827 3383 verba

214 3405 387 3500 leguntur
410 3397 527 3491 impre
551 3417 592 3467 a:
626 3390 781 3465 Trasint⁹
807 3385 893 3465 beari
918 3385 1100 3462 bernhardi
1119 3387 1160 3464 de
1180 3387 1294 3487 plaisir
1316 3387 1368 3463 bri
1392 3393 1504 3466 marie.
1564 3389 1639 3467 Sed
1661 3395 1831 3471 editores

67 3561 70 3566 -
215 3520 369 3598 operum
402 3492 440 3567 S.
465 3490 645 3565 Bernardi
667 3490 890 3565 recentiores
918 3487 1015 3562 hunc
1043 3487 1237 3569 trastatum
1259 3489 1356 3563 inter
1383 3512 1494 3585 opera
1516 3488 1636 3565 eidem
1658 3491 1745 3566 salso
1769 3505 1831 3568 at·

216 3597 355 3675 tributa
382 3586 648 3665 recensuerunt.
700 3588 783 3661 Hoc
802 3584 986 3660 adnotasse
1007 3583 1167 3661 sufficiat.
1228 3587 1334 3673 Quod
1355 3587 1570 3683 praesentem
1589 3589 1724 3665 attinet
1748 3589 1831 3667 edi·

216 3698 376 3774 tionem,
404 3708 448 3762 ea
471 3686 619 3780 quidem
638 3685 773 3759 litteris
794 3681 925 3758 excusa
949 3681 998 3755 est
1015 3684 1147 3759 iisdem
1173 3685 1296 3778 plane,
1325 3684 1456 3778 quibus
1471 3686 1636 3780 impressa
1650 3686 1729 3762 sunt
1772 3686 1832 3763 iu·

215 3817 260 3871 ra
277 3785 468 3866 Ciceronis
495 3803 623 3896 opera,
641 3783 830 3894 'nimirum’
861 3775 900 3890 1)
921 3779 1100 3855 dehnibus
1123 3782 1303 3856 bonorum
1326 3781 1363 3856 dr
1387 3781 1569 3856 malorum
1603 3781 1645 3882 2)
1660 3710 1833 3880 ejustiem

216 3886 483 3997 investitatum
508 3904 547 3992 ¹¹¹.
568 3879 766 3992 Catilinam
789 3877 891 3990 Libri
912 3902 946 3974 4.
1028 3874 1071 3974 3)
1097 3877 1212 3991 Crispi
1242 3877 1400 3990 Sallustii
1438 3882 1557 3954 oratio
1590 3883 1628 3956 in
1655 3880 1831 3961 Tullium.

213 3977 598 4163 ‘indidistis
618 3975 902 4185 ”issisti-‘ii
917 3972 1347 4173 trististristis
1359 3972 1876 4173 4444113244404435

219 4187 258 4260 di
283 4179 431 4278 figuris,
459 4194 542 4269 quae
568 4172 641 4250 stne
663 4187 752 4247 nota
788 4195 865 4257 oen,
891 4171 978 4245 anni
1004 4172 1225 4269 typographi
1248 4171 1439 4268 conjunsia
1461 4173 1603 4248 exstant
1629 4173 1668 4246 in
1689 4174 1835 4251 Biblio-

217 4283 327 4358 theca
351 4270 542 4351 Elesiorali
575 4267 783 4346 Monacensr
814 4269 909 4343 conf.
943 4267 1239 4364 Steigenbergeri
1264 4270 1441 4363 bisetisrhr
1457 4269 1664 4362 [iteratisdptn
1683 4272 1835 4366 iBetsorb

207 4399 285 4454 ‹aon
309 4371 509 4467 Qntprbunp
540 4375 605 4442 nub
635 4368 824 4460 husnnbme
851 4371 903 4441 bet
936 4366 1171 4457 irresirstsidptn
1199 4366 1394 4461 ibibsiothrs
1423 4373 1456 4445 sn
1484 4366 1653 4462 hiidnrhtn
1679 4391 1751 4466 pag
1769 4395 1833 4468 43.

217 4477 257 4554 &
279 4498 337 4572 44.
388 4471 488 4545 idem
510 4468 566 4542 vir
589 4464 798 4540 clarissimus
824 4462 979 4560 praesens
1005 4463 1050 4538 de
1070 4463 1219 4539 Plansiu
1238 4464 1272 4539 b.
1297 4466 1426 4541 Mariae
1448 4463 1660 4562 opusculum
1681 4466 1838 4564 ejusque

218 4568 424 4680 exemplar,
450 4566 549 4666 quod
571 4562 815 4664 descripturus
841 4560 937 4652 sum,
964 4560 1140 4641 adsutus
1167 4562 1325 4644 conhfflt
1346 4586 1433 4644 cum
1451 4563 1563 4644 modo
1581 4565 1744 4645 laudatis
1769 4564 1837 4643 Ci-

1639 4662 1785 4743 cerouis
