3892 5182
10 158 26 505 y
69 494 147 579 ritis,
170 493 209 568 in
233 491 434 588 eademque
451 490 586 589 pagina
606 490 786 588 praemilla
807 489 976 568 Suetonii
995 489 1219 569 Praefatione
1232 513 1325 589 opus
1337 495 1452 593 ipsum
1470 498 1515 575 de
1532 499 1667 575 Gram·

67 592 202 667 maticis
223 587 297 665 line
317 590 391 664 ullo
414 590 524 664 titulo
548 590 687 686 incipit.
760 588 994 665 Terminatur
1017 604 1141 665 autem
1163 591 1202 666 in
1226 593 1344 686 prima
1370 596 1557 673 undecimi
1588 599 1671 675 folii

63 692 205 787 pagina,
233 688 328 761 linea
353 713 398 784 24
407 710 417 778 ;
446 689 505 761 cui
526 688 606 763 haec
630 702 775 763 tantum
798 686 910 762 verba
934 685 1084 775 subiecit
1108 705 1355 785 typograpus:

307 796 332 832 '·
690 784 797 860 Finis.
826 782 924 858 Laus
949 782 1035 858 Dea.

60 881 194 959 Aversa
214 879 325 956 hu'us
344 880 422 955 folii
447 880 580 976 pagina
603 881 654 956 est
675 905 801 958 vacua.
854 880 982 956 Vacua
996 881 1108 956 etiam
1131 881 1181 957 est
1195 881 1312 978 prima
1328 885 1461 981 pagina
1480 884 1560 959 folii
1577 888 1671 962 duo·
1812 876 1816 881 ⁴

57 978 199 1057 decimi.
252 903 294 1052 in
319 975 444 1091 averia
465 992 591 1089 autem
615 977 723 1076 hujus
741 978 822 1053 folii
844 977 978 1089 pagina
1006 977 1080 1056 ime
1103 978 1178 1054 ullo
1205 979 1314 1054 titulo
1336 981 1499 1058 Libellus
1522 985 1569 1058 de
1595 984 1671 1059 cla·

58 1077 106 1155 ris
122 1076 351 1153 Rhetoribus
374 1089 523 1170 mcrprt,
564 1076 734 1173 idemque
760 1088 980 1151 terminatur
1011 1076 1050 1151 in
1084 1074 1209 1152 averia
1243 1078 1378 1174 pagina
1416 1079 1498 1156 folii
1536 1080 1671 1157 decimi

60 1176 195 1274 quinti,
219 1172 319 1250 linea
344 1195 412 1268 253
436 1173 497 1248 cui
517 1170 598 1251 haec
618 1170 941 1345 tautumLiubjepyit
962 1174 1228 1271 typographus.

797 1293 859 1343 aas
922 1293 969 1344 eo.
1202 1337 1205 1341 ,

58 1370 173 1449 Totus
195 1368 309 1463 igitur
330 1364 474 1442 libellus
498 1366 641 1442 duobus
664 1366 805 1443 constat
830 1366 1152 1463 quaternionibus,
1178 1366 1218 1444 dr
1236 1365 1382 1444 lecundi
1409 1369 1557 1466 quidem
1581 1394 1670 1469 quas

24 1464 239 1559 stemionis
265 1465 398 1541 folium
419 1464 593 1540 ultimum
626 1464 677 1542 eli
705 1487 878 1541 vacuum.
958 1463 1129 1551 Litterae,
1157 1465 1290 1560 quibus
1313 1466 1501 1563 imprellus
1527 1469 1577 1544 eli
1606 1469 1671 1550 iste

59 1564 203 1642 libellus
224 1560 305 1638 sunt
324 1563 511 1648 rotundae,
536 1562 574 1639 δι
596 1562 862 1659 perelegantes.
930 1561 1068 1639 Charta
1099 1560 1295 1638 firmilbma
1322 1563 1392 1650 est,
1430 1564 1513 1639 alba
1533 1580 1670 1656 tamen,

60 1662 223 1740 initiales
248 1660 402 1746 litterae,
427 1659 613 1747 custodes,
640 1657 853 1755 signatura,
880 1660 1098 1755 paginarum
1135 1660 1280 1735 numeri
1317 1660 1355 1737 &
1394 1661 1493 1736 tituli
1531 1664 1668 1744 desunt.

62 1757 366 1857 interpunttionis
386 1754 527 1927 fifssum
547 1757 699 1832 unicum
720 1757 901 1841 occurrit,
928 1780 1059 1852 nempe
1083 1757 1266 1854 punitum.
1317 1758 1389 1834 Pro
1405 1781 1444 1837 ae
1458 1759 1580 1838 ubivis
1603 1763 1673 1839 im·

61 1856 213 1958 prelium
231 1854 352 1954 reperi
373 1879 390 1927 e
424 1854 580 1952 unplex,
608 1866 857 1952 praeterquam
882 1853 922 1929 io
945 1877 1038 1930 voce
1055 1853 1186 1931 Caesar.
1238 1947 1242 1955 1

67 2085 220 2181 Lxlx.
255 2084 300 2174 S.
322 2081 551 2197 Augustini
582 2084 628 2196 1)
649 2082 801 2171 Sermo
822 2077 947 2196 super
963 2081 1165 2171 oratione
1183 2080 1435 2174 Dominica.
1504 2089 1556 2200 a)
1583 2086 1671 2179 Er·

171 2200 331 2319 positio
353 2197 571 2312 Symboli.
612 2201 665 2316 3)
684 2196 841 2288 Sermo*
862 2199 918 2284 de
941 2195 1154 2286 ebrietate
1183 2203 1393 2289 cavenda.
1427 2201 1474 2290 in
1498 2230 1538 2312 4.
1565 2206 1672 2302 min,

91 2354 95 2363 .
167 2396 248 2473 Tria
269 2394 350 2470 haec
371 2388 541 2490 opuscula
563 2417 611 2469 ex
634 2391 765 2468 eadem
793 2389 1039 2488 typographia
1061 2387 1164 2465 simul
1186 2391 1376 2490 prodiille,
1415 2391 1575 2473 dubitari
1592 2392 1672 2476 'non

81 2494 186 2595 pnelt
254 2494 311 2568 lta
337 2491 447 2567 enim.
465 2489 563 2603 inter
591 2488 625 2567 le
655 2490 861 2603 cohaerent,
902 2499 946 2600 at
977 2488 1132 2661 separari
1160 2490 1389 2602 abinvicem
1424 2515 1500 2568 non
1531 2493 1670 2591 pollmt.

77 2591 299 2671 (limsteres
320 2588 399 2664 sunt
422 2589 582 2683 gothicae
605 2588 755 2674 formae,
782 2597 938 2671 minuti,
963 2584 997 2661 se
1044 2584 1243 2663 admodum
1264 2610 1430 2685 pinques.
1480 2589 1673 2689 interpun-

70 2688 192 2769 dionis
224 2687 362 2785 signum
395 2685 546 2762 unicum
574 2687 753 2771 occurrit,
795 2706 928 2781 nempe
955 2681 1128 2781 punitum
1174 2684 1258 2760 aulo
1287 2682 1433 2762 crallms
1457 2686 1673 2788 plerumque

65 2790 176 2889 lru‘qus
194 2787 322 2862 lonnae
346 2781 429 2885 (e).
482 2784 635 2860 Litterae
650 2782 812 2858 initiales
828 2781 1049 2877 singulomm
1071 2707 1343 2879 opuiiulomm,
1372 2781 1582 2880 signaturae,
1608 2815 1673 2865 cu·

63 2884 201 2973 stodes,
226 2883 442 2981 paginarum
457 2882 600 2958 numeri
621 2881 659 2958 dt
681 2881 782 2956 tituli
798 2877 936 2956 desunt.
986 2878 1242 2977 Imprimendis
1260 2880 1362 2955 hisce
1383 2882 1500 2956 tribus
1522 2884 1674 2980 opuscu-

60 2984 103 3063 lis
128 2982 213 3060 otto
234 2982 322 3057 lolia
344 2979 567 3057 suffecerant.
614 2979 766 3066 Quaevis
790 2976 924 3074 pagina
949 2976 1093 3071 integra
1116 2977 1250 3072 viginti
1268 2975 1302 3054 le
1327 2992 1404 3053 tem
1430 2979 1547 3055 lineas
1571 3006 1673 3073 com·

61 3081 240 3183 plestitur.
290 3079 330 3153 ln
352 3079 474 3153 fronte
496 3077 626 3172 primae
648 3074 793 3172 paginae
813 3072 921 3170 primi
940 3072 1021 3145 folii
1042 3071 1167 3169 Incipit
1178 3072 1288 3170 sermo
1302 3001 1391 3149 irati
1408 3072 1591 3249 Augustini
1603 3082 1672 3177 epi·
1793 3085 1799 3094 '

55 3182 155 3281 scapi,
170 3177 279 3277 snper
299 3179 478 3250 orationem
496 3172 714 3252 dominicam·
740 3173 912 3264 Idemque
933 3170 1154 3243 terminatur
1178 3172 1216 3245 in
1239 3174 1357 3265 prima
1375 3175 1476 3248 tertii

62 3282 166 3377 gina,
195 3277 295 3350 linea
314 3273 479 3358 secunda.
524 3270 619 3346 Tum
640 3271 776 3367 exiguo
786 3268 910 3366 :spatio
927 3265 1050 3342 reliiio
1076 3265 1251 3362 sequitur:
1278 3267 1437 3366 Explicit
1448 3269 1559 3366 sermo
1585 3271 1674 3347 brari

59 3383 263 3485 Augustini,
287 3376 327 3452 rie
345 3387 445 3467 oriar
463 3375 639 3451 dominico.
681 3374 815 3471 Incipit
831 3371 989 3484 rxppsttio
1001 3368 1112 3483 eiusdi
1122 3369 1195 3481 sup
1204 3366 1336 3468 spbolzi.
1387 3369 1451 3446 Ad
1466 3372 1576 3449 finem
1597 3379 1673 3473 pri·
1726 3392 1730 3397 ”

62 3504 131 3561 rnae
145 3481 269 3597 quinti
284 3476 364 3591 folii
376 3476 542 3644 paginaes,
565 3473 676 3645 linea}
683 3472 885 3587 penultima
895 3481 1030 3639 llinmplt
1043 3464 1132 3541 Aba
1146 3471 1294 3640 exposdco'
1306 3467 1376 3639 [ἕρ
1389 3467 1560 3585 symbqiri,
1588 3497 1672 3571 quae
1699 3504 1717 3519 ‘

33 3571 652 3770 mentiamini
667 3588 875 3780 laam
900 3589 992 3739 ..a
1008 3567 1587 3777 mammetem
1608 3597 1674 3747 a

10 3828 12 3835 .
65 3789 238 3857 notatum
257 3767 534 3868 atypographo.
614 3764 709 3844 Haec
730 3778 843 3842 etiarn
865 3759 1035 3861 opuscula
1056 3785 1096 3835 m
1119 3783 1307 3857 germama
1329 3761 1453 3839 saltem
1474 3778 1562 3841 ante
1587 3790 1671 3846 ann.

10 3900 14 3923 .
64 3902 172 4055 aaz..
194 3867 334 4047 efflat
336 3865 517 4041 ‘effeanin
524 3864 700 4038 (pubfitoN
713 3865 885 4036 1ΙΙᾹῑῑεῖΙεε
903 3857 1125 4033 311&er
1127 3858 1283 4054 iffi>
1289 3858 1563 4034 silgriitlligpedsinem
1587 3888 1674 3940 cum
1792 3922 1800 3937 .

162 3986 877 4050 rs·rc1e.on..-.
1471 4013 1481 4035 ·

1518 3175 1582 3249 olii
1608 3200 1672 3272 pa-

64 4184 198 4282 Lxx.
228 4175 477 4271 Guilliermi
508 4162 695 4263 Tardivi
732 4167 847 4260 Baiis
875 4158 1179 4284 grammaticae.
1249 4167 1450 4261 Accedit
1481 4166 1672 4258 audioris
1719 4176 1724 4186 '
1811 4220 1818 4230 ·

172 4294 390 4414 ejusdem
401 4286 739 4379 commentarius
764 4285 808 4374 in
834 4285 944 4374 hauc
967 4280 1084 4371 basin
1117 4339 1166 4356 -
1196 4309 1238 4394 4.
1619 4394 1622 4402 ἱ
1685 4366 1716 4422 ὓ,
1898 4344 1919 4405 p

157 4496 201 4573 ln
223 4492 351 4570 fronte
368 4487 498 4585 primae
517 4484 661 4582 paginae
676 4480 757 4559 haec
780 4480 970 4578 leguntur:
996 4472 1200 4590 Gnidermrfs
1219 4474 1351 4591 turdirrr'
1366 4476 1537 4589 anicienstf
1558 4473 1671 4589 Kurpg
1684 4432 1927 4599 fw³

71 4596 112 4676 lo.
129 4595 265 4675 nanae
281 4586 457 4690 parifimsi
478 4583 634 4663 litterari
653 4586 766 4660 amori
788 4589 908 4756 optat)k
934 4574 1063 4754 2'sum
1079 4574 1241 4691 sequrtpr
1263 4573 1428 4674 Epistola
1447 4573 1721 4751 dedicaatffapu..
1736 4570 1927 4795 ἔξω

1739 4750 1809 4825 οὓ
1831 4762 1927 4823 Νι·
