3892 5182
244 328 340 446 52,
890 282 1209 421 ι--δῖἒε

248 500 338 573 liber
366 500 501 577 divisus
523 499 583 577 eli.
666 496 790 596 Atque
813 498 995 597 ejusmodi
1021 492 1120 577 tituli
1147 498 1297 598 lingulis
1320 499 1433 578 etiam
1459 499 1561 577 libris
1586 498 1668 577 sunt
1698 496 1871 598 praefixis

252 597 396 669 Primus
422 600 513 674 liber
533 595 750 672 terminatur
778 598 867 672 iblio
901 604 965 691 56,
1004 600 1139 675 aversae
1175 601 1319 697 paginae
1346 600 1518 675 columna
1545 599 1718 685 secunda,
1758 598 1857 672 linea

251 715 309 788 54.
361 694 505 790 Insuper
524 717 613 767 vero
635 692 720 768 haec·
739 693 877 791 adjesta
903 696 982 769 sunt
1006 698 1128 771 verba.
1177 697 1347 793 Explicit
1370 693 1454 769 siser
1475 698 1606 792 primus
1628 692 1669 768 de
1731 695 1858 792 ereptis.

250 791 360 864 LIber
383 793 532 886 quintus
555 792 773 865 terminatur
799 792 889 866 solio
922 818 1008 887 230,
1035 795 1180 888 paginae
1207 793 1342 868 aversae
1369 794 1541 867 columna
1565 792 1669 866 secun
1696 816 1736 879 a,
1763 793 1861 866 linea

255 893 318 973 ro,
345 909 427 983 quae
449 889 508 962 his
537 887 676 964 constat
698 889 838 974 verbis,
864 886 915 962 Et
926 890 976 986 ‚te
997 894 1038 990 efl
1048 891 1135 986 finis
1155 889 1213 964 lui
1219 897 1232 942 ³
1258 888 1340 964 libri
1359 879 1453 986 quiri.
1502 890 1544 963 ln
1567 889 1696 964 eudem
1721 890 1862 963 colum·
1902 898 1906 905 '

253 1007 300 1057 na
327 982 480 1096 impressi
502 985 675 1080 leguntur
702 985 802 1060 tituli
826 1010 869 1081 31
896 987 1037 1081 priores
1058 986 1141 1061 libri
1162 988 1265 1063 sexti.
1342 987 1525 1062 Gohuihna
1550 986 1692 1081 quaevis
1720 987 1865 1081 integra

253 1081 362 1156 lineis
386 1078 559 1177 rmprelsrs
580 1087 627 1156 62
642 1082 798 1159 constat.
841 1078 904 1158 Ad
926 1084 1066 1158 calcem
1084 1084 1168 1159 libri
1195 1085 1332 1170 ostavi',
1362 1085 1425 1179 qui
1445 1084 1663 1157 terminatur
1684 1083 1774 1157 solio
1790 1108 1862 1178 402

253 1180 399 1277 paginae
420 1177 554 1253 aversae
571 1178 742 1253 columna
765 1180 901 1277 prima,
927 1178 1105 1264 lineato,
1131 1183 1210 1257 baec
1232 1182 1424 1275 leguntur:
1442 1179 1568 1277 sequit*
1589 1178 1630 1252 dr
1648 1178 1711 1254 allo
1725 1206 1750 1277 4
1760 1180 1869 1277 figni-

247 1270 413 1373 ficccoiba
435 1277 472 1349 εἰ.
502 1286 574 1351 21.
600 1277 624 1350 i.
649 1300 681 1351 e.
707 1276 838 1352 titulus
859 1302 918 1374 41.
990 1277 1032 1351 In
1059 1277 1228 1351 columna
1255 1276 1364 1373 hujus
1391 1279 1534 1373 paginae
1558 1276 1730 1362 secunda,
1756 1300 1869 1372 quam

256 1394 413 1447 vacuam
436 1372 585 1467 reisquit
606 1374 878 1471 typographus,
905 1374 1097 1460 mimator,
1122 1375 1232 1457 unius
1257 1398 1304 1448 ex
1330 1400 1350 1448 2
1373 1374 1660 1468 exemplaribus,
1674 1395 1770 1544 quae
1789 1372 1875 1471 pos-r

256 1467 433 1544 fidemus!
457 1468 620 1544 tabulam
641 1468 823 1568 adscripsit
845 1471 1204 1557 abbreviatarum,
1241 1494 1333 1565 quas
1358 1472 1611 1567 typographus
1634 1474 1671 1547 in
1707 1493 1764 1545 rac
1791 1472 1871 1547 edi·

256 1568 359 1642 tione
382 1566 559 1643 adhibuit.
620 1567 716 1641 Tum
736 1568 775 1642 in
800 1567 922 1643 nostro
950 1570 1098 1663 quidem
1131 1584 1287 1663 utroque
1310 1568 1511 1662 exemplari
1535 1568 1669 1657 splium
1688 1568 1871 1664 reperitur

258 1686 429 1741 vacuum
480 1660 546 1739 At
569 1662 659 1739 folio
684 1662 846 1761 sequenti
870 1690 943 1765 404
964 1666 1094 1761 incipit
1117 1665 1243 1740 tabula
1267 1664 1326 1739 seu
1350 1666 1462 1739 index
1485 1665 1736 1760 alphabeticus
1759 1688 1872 1741 voca·

259 1760 432 1839 bulorum
454 1761 493 1834 in
514 1782 669 1859 corpore
695 1759 787 1858 jbris
805 1776 1090 1846 contentorum,
1119 1784 1201 1859 quae
1230 1773 1427 1839 occurrunt
1451 1761 1690 1857 frequentius.
1745 1756 1872 1859 Adie-

260 1858 317 1933 cta
337 1878 480 1953 quoque
503 1856 651 1953 singulis
674 1858 724 1932 est
749 1860 1015 1954 interpretatio.
1038 1886 1041 1891 ·
1066 1858 1299 1934 Terminatur
1319 1857 1400 1933 haec
1425 1858 1551 1933 tabula
1562 1858 1653 1932 folio
1675 1884 1747 1956 414
1768 1861 1886 1956 pagi·-

262 1976 310 2029 na
333 1956 469 2049 prima,
497 1956 668 2031 columna
691 1950 864 2042 secunda,
879 1955 986 2029 'linea
1003 1970 1060 2050 58.
1129 1956 1169 2030 In
1190 1954 1314 2029 aversa
1335 1956 1468 2051 pagina
1491 1955 1620 2050 incipit
1646 1957 1757 2029 index
1781 1958 1873 2031 titu-

261 2052 383 2127 torum
402 2050 495 2147 juris
519 2051 707 2138 canonici,
751 2054 812 2147 qui
841 2054 879 2126 in
902 2053 972 2125 hoc
1005 2074 1115 2151 opere
1139 2052 1380 2146 explicantur.
1459 2052 1571 2151 Hunc
1597 2054 1736 2148 echpit
1759 2054 1872 2129 index

262 2148 516 2245 alphabeticus
538 2149 704 2223 omnium
725 2150 921 2225 titulorum
940 2150 1135 2245 utriusque
1156 2142 1267 2245 juris,
1310 2149 1374 2245 qui
1396 2148 1619 2228 citantur&
1641 2150 1881 2246 explicantur-

264 2248 306 2321 in
329 2245 479 2330 eodem,
505 2246 726 2320 terminatus
748 2245 839 2321 solio
861 2270 955 2342 423.¹
988 2247 1100 2343 agina
1117 2248 1255 2342 prIma,
1279 2246 1452 2321 columna
1467 2247 1596 2343 prIma.
1647 2246 1812 2323 Tandem

266 2342 394 2439 quenti
416 2338 507 2417 folio
532 2342 664 2440 incipit
684 2344 797 2418 index
821 2269 1034 2419 univertiilis
1060 2344 1176 2419 totius
1203 2344 1324 2441 operis
1346 2344 1475 2419 ordine
1503 2344 1732 2455 alphabetico
1758 2332 1877 2459 dispe}-

266 2440 374 2523 suus,
399 2440 462 2533 qui
481 2440 630 2532 quidem
654 2438 744 2515 solia
764 2440 893 2535 implet
914 2464 1049 2515 novem
1070 2442 1232 2535 integra,
1258 2441 1297 2517 dr
1318 2440 1452 2513 decImi
1472 2439 1553 2513 solu
1574 2440 1783 2514 columnam
1801 2462 1879 2538 pn-.

268 2558 388 2620 mam,
414 2535 618 2631 &partem
641 2535 719 2609 fere
749 2551 918 2629 quartam
943 2536 1117 2610 secundae.
1168 2531 1295 2628 Atque
1325 2534 1424 2617 haec,
1466 2543 1557 2627 puto
1593 2531 1878 2619 subiciuntwut.

268 2632 384 2707 editio
410 2630 533 2709 isthaec
556 2631 601 2711 ab
625 2629 707 2705 aliis
729 2629 801 2707 stne
824 2630 906 2708 loco
927 2631 965 2707 ἃ
987 2653 1083 2708 anno
1110 2630 1332 2707 editionibus
1356 2626 1458 2727 polirt
1480 2628 1587 2706 sacile
1616 2627 1839 2847 discerniV

271 2870 401 2965 XIII.
431 2871 591 2966 Coram
615 2868 750 2963 Paulo
801 2832 1260 2968 inhonorabiles.
1296 2872 1349 2965 Ia
1371 2836 1441 2965 erle
1456 2784 1720 2967 'ata-maso·
1743 2824 1882 2963 'illas

384 2986 565 3103 rasceue.
596 2980 758 3080 MCCC
793 2983 1010 3082 LXVIII.
1047 2990 1195 3081 oratio
1223 2985 1603 3079 bartholomaee
1628 2981 1880 3099 Mercfrbis

391 3104 558 3225 'pofitl
577 3103 786 3207 Mithreni
817 3111 862 3198 sl
884 3109 1026 3221 ejusde
1058 3102 1156 3196 Pon.
1184 3104 1299 3203 Max
1323 3104 1591 3229 alrpofitarlt'.
1617 3132 1727 3197 nunc
1744 3111 1880 3227 magl-

379 3136 464 3339 srl
487 3222 644 3357 domare
669 3218 789 3315 Sixtr'
818 3216 931 3341 Papa
953 3222 1192 3399 paerthyy
1543 3228 1548 3249 '
1667 3245 1669 3249 ·
1778 3232 1781 3239 '
1857 3318 1860 3323 ,

412 3426 431 3441 Ι.

374 3450 469 3524 Hoec
491 3450 713 3523 verbotenus
729 3446 900 3544 leguntur
916 3446 955 3521 In
972 3444 1095 3522 fronte
1117 3446 1245 3542 primae
1264 3444 1419 3541 paginae.
1463 3430 1572 3521 'Tunc
1590 3443 1663 3542 ipsa
1684 3446 1803 3524 statim
1827 3450 1893 3545 In·-

276 3546 368 3643 cipit
381 3545 505 3641 ¹oratio
526 3546 647 3619 verbis
663 3569 717 3620 ex
738 3545 817 3645 Joh.
834 3545 905 3630 XI,
934 3567 991 3638 50.
1013 3543 1257 3638 depromptis:
1284 3539 1454 3639 Expedit,
1481 3554 1519 3616 ut
1537 3568 1622 3617 unus
1643 3542 1737 3619 horno
1758 3548 1883 3619 moria·
1909 3552 1914 3561 '

277 3657 334 3725 mr
352 3667 416 3740 pro
429 3640 571 3739 populo,
602 3641 643 3717 ss
663 3668 729 3717 non
745 3654 816 3717 tota
832 3666 914 3740 gens
930 3652 1058 3721 parents
1080 3661 1163 3736 quae
1177 3641 1302 3713 thema
1321 3640 1499 3713 orationis
1519 3639 1761 3717 constituunt..
1804 3642 1884 3729 Lit-
1933 3692 1936 3699 ι

277 3743 369 3819 teris
397 3736 604 3835 impressum
627 3738 678 3812 est
699 3741 770 3835 hoc
791 3739 1019 3834 opusculum,
1045 3734 1124 3811 osto
1145 3736 1312 3811 constans
1335 3736 1451 3820 soliis,
1477 3738 1646 3829 rotundis
1672 3741 1884 3835 perelegan-

280 3840 400 3931 tibus,
427 3835 621 3933 &papyro
641 3834 898 3931 munclilsrnne,
926 3835 984 3909 scd
999 3834 1121 3909 mirms
1145 3834 1270 3910 snmae.
1319 3833 1454 3909 Desunt
1471 3834 1655 3920 custodes,
1683 3834 1888 3931 signaturae,

279 3936 495 4039 paginarum
514 3933 666 4013 numeri.
719 3932 758 4009 ln
776 3932 847 4009 line
866 3930 978 4007 solum
993 3955 1111 4005 annus
1126 3946 1273 4005 noratur
1288 3928 1651 4005 IICCCCLXXIH.
1677 3956 1785 4027 quem
1808 3937 1890 4027 qui-

279 4034 366 4113 dem
391 4029 628 4129 imprellronis
648 4057 784 4109 annum
809 4030 877 4107 esse
903 4029 1124 4126 vispoterit
1148 4030 1358 4105 indubium
1385 4030 1520 4102 vocari.
1571 4027 1704 4102 Axinus
1731 4030 1887 4127 quippe,

279 4155 354 4228 quo
377 4129 502 4205 habita
527 4130 577 4205 est
600 4132 738 4215 oratio,
767 4130 805 4205 in
829 4127 938 4203 titulo
962 4126 1038 4224 jam
1059 4128 1180 4202 suerat
1207 4128 1401 4201 indicatus.
1481 4124 1587 4211 Quod
1609 4124 1742 4199 attinet
1764 4124 1889 4203 locum

280 4224 537 4327 impressionis,
562 4228 601 4304 dr
626 4226 916 4329 typographum,
941 4250 1017 4301 non
1040 4224 1187 4309 dubito,
1240 4222 1302 4294 uin
1325 4220 1456 4325 Rornae
1474 4221 1514 4294 iu
1533 4220 1818 4325 demophilippi
1841 4228 1886 4302 de

280 4324 499 4441 LIgnarn'ine
522 4323 767 4411 Messanenlis,
797 4324 919 4419 quiin
943 4320 1113 4419 opusculo
1135 4346 1168 4393 n.
1255 4373 1266 4397 ,.
1290 4314 1792 4425 recensendnfsessanllilhmi
1813 4322 1887 4407 Dp-

282 4422 393 4506 mini,
422 4420 520 4501 sixti
547 4422 668 4518 quarti
696 4421 889 4509 nhnirum,
913 4418 1132 4511 familiarem
1157 4414 1276 4499 dieite
1293 4428 1470 4511 typorum
1489 4413 1656 4505 sennulis
1679 4416 1789 4493 scierit
1815 4419 1886 4513 itu·

280 4516 404 4623 prelia.
456 4518 572 4599 Iidem
594 4519 695 4596 enim
717 4516 861 4617 prorsus
882 4508 972 4591 'sunt
1000 4513 1103 4611 typi,
1128 4510 1257 4589 cadem
1280 4509 1408 4585 clrartn
1428 4511 1626 4611 utriusque*
1645 4516 1814 4611 opusculi,
1870 4559 1873 4562 -

1702 4631 1827 4724 XIV.
