3892 5182
155 500 215 579 lna
232 493 383 580 dubito,
403 492 492 590 quin
517 492 600 607 haee
626 498 776 606 quoqne
801 512 850 567 ex
880 490 1046 604 Udalriei
1078 490 1185 567 Zeilii
1218 491 1466 592 typographia
1503 484 1603 615 eirca
1638 513 1777 607 annum

155 584 1082 803 etmsziaunzlmhaauul
1100 587 1511 806 halama
1524 590 1780 769 aurae

154 790 382 891 nnnjunllua.
429 787 488 893 De
507 789 579 865 hoe
599 784 722 885 palhrn
743 800 862 901 agunt
884 786 949 863 serr
975 800 1078 864 tores
1106 785 1267 864 lnstorrae
1292 787 1506 877 lrttermue,
1535 799 1668 887 utpote
1693 787 1776 887 plu·

154 888 250 969 num
270 914 295 965 o
444 886 602 964 aullore.
657 882 857 962 Casrmrrus
882 884 940 960 On
968 885 1052 961 'nus
1070 885 1121 979 in
1145 883 1366 963 Corammwr.
1393 886 1434 962 de
1457 882 1623 986 Scriptor.
1647 883 1806 994 ΕιιΙςΛι
1934 936 1942 953 .

155 986 259 1067 'iona
278 986 324 1063 Ι.
347 986 428 1063 Col.
454 1000 548 1084 1488
569 983 608 1069 bt
629 981 726 1083 leqq.
750 984 798 1062 de
820 1008 867 1061 eo
889 982 1002 1061 fusius
1030 984 1129 1079 egit,
1164 981 1395 1083 &singulari
1414 982 1665 1091 dissertatione
1689 1008 1777 1085 pro·

157 1086 241 1167 bare
264 1096 422 1162 conatus
447 1084 518 1173 est,
543 1108 620 1159 non
641 1080 757 1170 dnos,
781 1080 841 1159 sed
862 1105 979 1161 unum
998 1082 1170 1161 exstitille
1193 1080 1379 1176 Alanum,
1401 1107 1562 1187 eumque
1582 1106 1682 1165 anuo
1703 1085 1777 1187 eir·

160 1186 247 1265 citer
267 1188 363 1264 1162
381 1183 482 1262 diem
508 1180 633 1260 obiille
656 1179 875 1280 supremum.
894 1268 897 1273 ,

372 1424 636 1540 ,porinum
652 1424 943 1533 namuro
973 1424 1041 1506 aa
1059 1426 1227 1545 [emm
1255 1458 1357 1534 aaa
1387 1373 1578 1518 aaron(
1674 1514 1677 1521 .

167 1666 320 1765 cxvi.
351 1668 477 1763 mun
507 1667 734 1785 negem
754 1664 1023 1761 semtrnmm
1053 1616 1721 1803 seripturarum.rnu01.‚m
1782 1746 1786 1755 ,
1893 1606 1898 1616 ’

317 1869 418 1946 Inter
443 1866 632 1967 exemplar
652 1864 758 1944 istiua
782 1864 926 1963 operis,
956 1865 1057 1965 quod
1078 1865 1171 1945 mihi
1205 1869 1297 1947 mihi
1329 1895 1427 1951 nunc
1458 1896 1537 1973 prae
1561 1878 1681 1956 oculis
1703 1882 1774 1974 est,
1884 1886 1890 1892 '

172 1960 385 2044 &alterum
424 1967 534 2052 illud,
576 1965 690 2065 quod,
715 1961 869 2062 Fusal.
905 1963 955 2041 N.
983 1962 1096 2045 XXI.
1129 1966 1227 2044 inter
1248 1968 1362 2045 libros
1381 1984 1470 2049 nota
1493 1979 1580 2053 anni
1603 1995 1772 2059 carentes

169 2059 337 2163 leleripli,
363 2079 467 2141 tanta
492 2064 563 2154 est,
600 2064 703 2164 quod
724 2076 918 2141 externam
945 2065 1082 2142 attinet
1110 2065 1288 2154 formam,
1311 2066 1532 2161 santilitudo,
1566 2077 1609 2154 lle
1636 2062 1773 2158 conve·

170 2156 314 2250 untia,
353 2181 396 2241 ut
417 2164 525 2240 ambo
561 2162 789 2259 exemplaria
817 2160 1015 2259 aliquoties
1046 2162 1209 2259 fugitivo
1236 2165 1344 2242 oculo
1366 2168 1528 2248 intuenti
1542 2162 1650 2273 ''mihi
1671 2177 1773 2255 eiua·
1921 2220 1936 2273 ,-

260 2263 436 2340 editionis
465 2261 535 2340 elle
557 2263 783 2341 uiderentur.
853 2259 1009 2339 Litterae
1030 2263 1130 2337 enim
1159 2260 1272 2363 (quae
1299 2262 1449 2363 scuptae
1473 2270 1671 2360 videntur,
1698 2301 1772 2352 non

250 2358 270 2460 )
296 2361 483 2459 alphabeti
509 2360 665 2443 minoris
694 2357 837 2436 wdone
861 2354 963 2447 sunt,
991 2361 1048 2437 nti
1079 2362 1193 2437 etiam
1222 2361 1490 2444 abbreviaturae
1511 2371 1685 2469 utrinque
1707 2375 1772 2449 ad-

166 2450 290 2537 hibitae.
341 2461 444 2537 idern
466 2460 603 2546 etiarn,
628 2453 846 2557 pauciliimis
868 2458 1036 2555 exceptis
1059 2459 1224 2556 paginis,
1247 2461 1298 2537 est
1324 2482 1500 2542 numerus
1523 2469 1704 2546 linearum
1731 2474 1778 2549 in·

225 2557 580 2735 millii?
602 2577 779 2733 'iffi
800 2553 1771 2753 illihhlihhailllhhilariae

163 2748 299 2843 lienem.
348 2755 437 2831 Sola
460 2755 595 2852 quippe
620 2752 748 2830 littera
772 2751 927 2828 initialis
952 2774 1066 2849 parva
1092 2777 1117 2851 p
1140 2754 1180 2830 in
1202 2758 1405 2855 exemplari
1425 2757 1706 2864 jam.descripto
1730 2770 1770 2845 in
1911 2804 1916 2809 ·

164 2852 273 2949 palmo
292 2852 485 2939 fasciculo,
509 2851 609 2950 quod
628 2850 742 2927 liceat
762 2846 800 2925 A
817 2848 1022 2945 adpellare,
1051 2853 1215 2949 exprelia
1237 2854 1286 2930 est
1308 2858 1346 2931 in
1369 2858 1494 2935 averia
1519 2859 1665 2942 secundi
1687 2865 1770 2945 solii

162 2950 285 3049 Mna
306 2951 354 3027 ad
379 2946 683 3126 voeemffrdeas:
710 2946 808 3023 deest
828 2968 921 3023 vero
944 2948 1073 3024 eadem
1096 2951 1137 3024 in
1165 2953 1367 3049 exemplari
1389 2955 1444 3069 B,
1474 2962 1571 3055 quod
1593 2960 1669 3059 jam
1692 2985 1771 3060 prae

162 3048 268 3125 uariis
289 3049 381 3125 mihi
402 3047 463 3126 est.
547 3067 713 3144 nquam
728 3067 818 3122 vero
832 3043 1023 3140 exemplar
1043 3057 1242 3143 utrumque
1265 3052 1477 3129 adcuratrus
1502 3056 1658 3135 alterurn
1684 3086 1768 3140 cum
1851 3136 1854 3142 ,

163 3144 269 3225 wo
289 3148 525 3244 comparavi,
551 3168 616 3222 eas
645 3145 745 3221 inter
773 3152 973 3239 utrumque
999 3142 1228 3221 differentias
1260 3148 1467 3238 observavi,
1499 3176 1584 3249 quae
1606 3159 1767 3235 diversas

163 3244 354 3331 annones,
377 3247 424 3321 ab
447 3246 579 3322 eodem
601 3256 729 3321 tamen
753 3240 1010 3354 typographo,
1029 3241 1169 3417 &aare
1188 3243 1363 3359 nimirum
1386 3249 1564 3326 Mentelio
1579 3251 1767 3352 Argento-

164 3342 301 3428 ratensi,
329 3359 478 3424 curatas
501 3343 593 3423 milri
621 3341 778 3440 prodere
795 3339 985 3417 videntur.
1085 3360 1162 3416 imo
1185 3366 1284 3419 enim
1299 3343 1437 3422 litterae
1466 3346 1664 3447 Alphabeti
1689 3376 1768 3432 ma·
1929 3428 1945 3448 ,

165 3432 241 3533 inuia
275 3442 329 3529 Β,
359 3444 393 3529 l,
421 3442 536 3527 P‚·&
555 3440 591 3517 R
613 3440 654 3517 in
674 3436 913 3535 exemplarB
929 3437 1070 3513 eaedem
1093 3436 1174 3515 lunt
1192 3462 1277 3516 cum
1299 3442 1453 3533 litteris,
1483 3469 1575 3544 quas
1598 3451 1631 3527 b.
1667 3452 1770 3533 ster·

104 3542 107 3625 ἶ
167 3539 398 3636 tenbergerus
421 3548 455 3616 ln
483 3547 535 3616 bet
565 3536 754 3628 liberarlltlp
768 3563 781 3606 s
797 3536 956 3629 lrltllelpea
981 3534 1204 3649 llbbeablunq
1238 3537 1315 3615 albet
1339 3548 1395 3618 oh.
1412 3565 1479 3639 qno
1503 3548 1687 3644 abellula
1715 3574 1766 3653 ge

104 3642 113 3723 ’ἦ
168 3634 269 3714 itanu
293 3640 430 3733 bennae
447 3639 578 3719 ffiibelrr
600 3637 672 3716 &e
694 3633 783 3712 lab.
800 3633 829 3711 1.
857 3657 893 3709 n.
913 3633 1205 3730 3.aer11nc1laa,
1226 3658 1270 3713 ac
1289 3638 1469 3721 Mentelio
1488 3648 1674 3744 proprias,
1701 3676 1769 3729 ex·

104 3730 114 3817 l
168 3724 262 3812 hibet,
314 3733 369 3814 At
395 3759 484 3814 vero
510 3737 648 3813 litterae
670 3733 813 3813 eaedem
833 3729 873 3809 in
897 3731 1099 3830 exemplari
1115 3729 1151 3809 A
1166 3733 1341 3815 differunt
1358 3739 1455 3817 linea
1474 3742 1696 3825 horizontali
1717 3752 1765 3827 ad

104 3820 118 3907 l
169 3820 324 3911 hialam
359 3848 556 3931 vergente,
587 3831 822 3931 quaequidem
836 3829 1051 3909 notabiliter
1065 3831 1211 3909 brevior
1224 3834 1293 3922 est,
1318 3838 1516 3935 praesertim
1530 3843 1569 3916 in
1584 3844 1709 3922 littera
1723 3849 1764 3926 P.

104 3912 114 3985 '-
170 3916 336 4009 Differuut
355 3936 469 4010 etiarn
485 3935 560 4010 duo
575 3932 657 4009 haec
678 3928 904 4044 exemplaria
920 3931 1043 4044 quoad
1066 3929 1378 4045 orthographiam.
1431 3937 1613 4038 Exempla
1622 3968 1766 4022 occur·

169 4038 238 4105 unt
259 4032 381 4107 statim
404 4033 442 4108 in
467 4031 528 4110 lex
550 4029 733 4130 prioribus
749 4048 880 4127 prunae
900 4049 1012 4126 prinu
1034 4028 1116 4104 ioln
1136 4033 1282 4127 paginae
1306 4034 1425 4110 lineia
1493 4036 1534 4112 in
1561 4058 1669 4116 exem
1695 4038 1789 4118 lari*

104 4184 106 4193 .
170 4112 310 4206 linea
324 4157 367 4217 ,1.
396 4130 532 4229 legitur
562 4128 750 4228 dialogus,
781 4127 822 4202 in
846 4125 1049 4238 exemplari
1075 4125 1309 4241 Bilialogus,
1334 4132 1398 4207 lin.
1423 4158 1457 4211 2.
1484 4135 1522 4210 in
1541 4066 1699 4235 exempl.
1724 4136 1763 4216 A

103 4268 109 4283 ·
169 4230 360 4327 cmposrtus,
387 4228 425 4304 in
448 4157 609 4326 exempl
630 4229 665 4305 B
687 4225 876 4326 compostl’,
905 4246 943 4298 1n
967 4223 1097 4300 eadem
1111 4225 1209 4303 hnea
1228 4229 1418 4326 exemplar
1433 4229 1471 4308 A
1487 4233 1597 4309 habet
1617 4246 1761 4334 polrera,

169 4308 340 4424 Bporreg.
391 4327 508 4404 linea
532 4354 553 4424 3
578 4328 617 4403 in
637 4323 797 4423 exempl.
822 4320 859 4399 A
878 4319 1131 4398 archamala
1158 4325 1198 4399 in
1221 4327 1377 4424 exempl.
1400 4328 1435 4404 B
1458 4329 1684 4407 archicocellos
1710 4336 1763 4412 le·

189 4415 261 4503 bur.
316 4425 432 4501 Linea
450 4431 472 4502 ό
492 4421 733 4522 exemplarA
752 4421 865 4501 habet
878 4417 1023 4523 domm,
1050 4408 1203 4499 Bromi.
1255 4422 1381 4540 Atque
1403 4426 1584 4523 ejusmodi
1661 4433 1761 4509 idem

188 4510 195 4530 ⁸
256 4522 371 4601 entiae
392 4522 514 4620 paffim
532 4535 742 4600 occurrunt
785 4518 902 4602 'Nulla
926 4532 1073 4618 quoque
1095 4520 1147 4596 est
1171 4523 1302 4618 pagina
1325 4544 1362 4596 m
1379 4525 1581 4622 exemplari
1646 4552 1763 4626 ,qnae

167 4628 227 4695 lan
247 4622 393 4721 plures.
412 4624 658 4723 paucioresve
671 4621 714 4701 in
733 4619 865 4701 adem
880 4618 981 4697 linea
1001 4619 1062 4694 vel
1081 4636 1215 4706 voees,
1240 4620 1300 4696 vel
1325 4616 1482 4714 syllabae
1505 4626 1765 4724 compleilere·

934 4714 1073 4803 T2.
1411 4782 1417 4803 .
1634 4739 1714 4811 tur.
