3892 5182
312 485 395 580 3⁶7·
422 479 572 559 Boethii
596 504 702 580 opera
728 480 887 567 minora,
924 483 1017 559 inter
1039 505 1123 578 quae
1152 480 1232 558 libri
1269 481 1315 556 de
1339 480 1600 559 consolatione
1638 478 1807 558 Philoso·

150 585 265 685 piribe,
296 583 333 658 ἃ
356 586 401 656 de
425 581 603 678 disciplina
625 581 856 657 Sclrolarium
878 607 950 656 non
970 585 1212 658 continentur.
1237 580 1264 655 F
1266 580 1313 659 ol.
1364 583 1541 658 Praeeunt
1560 605 1740 678 operum
1762 580 1808 654 ti-

152 684 239 767 tuli,
266 682 302 758 dc
328 681 450 757 tabula
473 703 495 753 2
521 680 595 769 foll.
647 680 810 752 Clraratt.
836 681 939 774 goth.
962 705 1045 759 cum
1076 678 1200 776 signat.
1227 678 1362 755 custod
1387 679 1426 755 ὅ(
1451 702 1559 756 num.
1587 680 1677 759 foll.
1739 679 1806 753 Fo-

87 815 89 818 ·
151 781 204 856 lio
234 779 329 854 roilo
365 804 446 853 201.
476 781 690 951 Rernrinatur
723 777 897 852 volumen
919 778 992 858 sinc
1022 776 1098 855 ulla
1133 777 1385 875 subscriptione
1409 777 1534 871 libello
1569 777 1625 853 de
1651 778 1805 853 duabus

108 949 123 960 ,
150 879 295 956 naturis
321 879 358 952 in
384 878 471 954 Chri
505 900 538 948 o.
1399 898 1404 903 ·
1637 923 1641 928 -

85 974 88 982 “
236 1058 239 1063 ,
315 982 399 1070 3⁶8·
428 972 563 1048 Missale
586 971 911 1066 thrzoburgensc:
938 971 1001 1047 sol.
1031 970 1117 1069 maj.
1167 974 1339 1049 Praecunt
1369 970 1653 1058 kalendarium,
1709 972 1802 1046 ordo

147 1072 351 1155 missarum,
377 1073 415 1149 dr
447 1069 678 1145 Exorcismus
708 1069 788 1142 salis
812 1070 850 1146 dc
872 1092 978 1164 aquae
1002 1071 1077 1144 foll.
1103 1088 1135 1154 8.
1201 1071 1293 1144 Tum
1317 1071 1350 1144 se
1375 1087 1510 1145 uuutur
1530 1070 1658 1147 missae
1680 1072 1799 1145 Com·

150 1193 284 1248 munes
320 1172 366 1246 de
396 1182 560 1265 ternpore
593 1162 651 1243 ab'
669 1165 844 1242 Adventu
870 1176 985 1263 usque
1007 1173 1053 1242 ad
1075 1168 1206 1265 Pascha
1235 1169 1333 1242 soliis
1351 1093 1380 1242 (i
1401 1211 1445 1223 -
1473 1167 1586 1242 vai.
1616 1192 1794 1265 compre·

126 1270 280 1347 dransae.
341 1281 418 1343 turn
455 1268 646 1362 sequuntur
680 1267 810 1360 Kyrie,
848 1265 994 1350 Gloria,
1030 1269 1178 1351 Credo,'
1203 1266 1457 1350 Praesatiooes,
1485 1266 1601 1342 Pater
1635 1266 1786 1352 Noster,

150 1366 317 1443 cum-dr
341 1366 412 1442 fine
433 1382 564 1450 cantu,
592 1385 672 1459 quae
707 1364 828 1456 omnia
859 1363 956 1438 soliis
974 1383 1034 1458 34.
1066 1390 1137 1438 non
1167 1365 1365 1438 numeratis
1397 1365 1666 1458 comprehensa
1703 1365 1787 1441 suut.

149 1465 245 1544 Haee
267 1466 407 1559 excipit
426 1465 554 1536 Canon
582 1462 716 1555 septem
741 1463 837 1535 soliis
862 1458 1375 1557 pergamenaccis‘clrarasiere
1390 1460 1513 1537 missali
1530 1466 1707 1538 maximo
1723 1466 1786 1538 iro·

149 1563 295 1662 pressus.
347 1560 382 1633 A
402 1560 488 1633 solio
511 1559 628 1652 vaij.
647 1583 761 1654 usque
780 1559 827 1634 ad
847 1559 907 1632 sol.
930 1560 1045 1634 Cxcv.
1068 1563 1299 1636 continuatur
1323 1583 1517 1634 commuue
1539 1563 1591 1633 de
1613 1581 1781 1657 tempore

153 1687 177 1736 a
213 1658 385 1734 Paschate
418 1679 535 1751 usque
568 1659 615 1733 ad
648 1654 914 1757 Doriumxirv.
952 1657 1025 1751 posi
1065 1659 1321 1733 pentecostem.
1393 1655 1545 1731 Afolio
1572 1653 1701 1759 Cxosj
1733 1698 1774 1715 -

150 1754 343 1850 cccxxviii.
370 1757 598 1828 continentur
621 1755 732 1827 miffae
751 1756 802 1828 de
821 1752 964 1836 santlis,
1004 1757 1173 1852 aliaeque,
1215 1756 1254 1831 dc
1278 1758 1371 1830 inter
1390 1755 1458 1827 bas
1476 1754 1538 1828 fol.
1565 1758 1670 1831 retto
1694 1757 1777 1851 ccci.

147 1853 262 1930 missae
288 1853 433 1928 feriales
455 1855 554 1925 iuxta
578 1851 680 1927 chorri
702 1850 813 1925 berbii.
838 1848 856 1947 (
867 1852 1159 1968 Herbipoleusem
1179 1852 1197 1926 s
1214 1853 1254 1950 .)
1313 1852 1497 1930 Volumeu
1521 1854 1710 1928 clauditur
1728 1855 1775 1928 so·

148 1953 210 2030 iiis
231 1975 302 2025 non
328 1952 524 2028 numeratis
544 1965 717 2044 quatuor,
746 1950 877 2044 quibus
894 1966 1125 2026 continentur
1146 1951 1271 2024 coatese
1284 1948 1450 2047 seruanda
1473 1988 1511 2006 ··
1533 1954 1570 2024 in
1597 1952 1698 2052 mifflr
1712 1951 1776 2029 &c-

1 2070 29 2109 ··
147 2049 497 2145 finesubscriptiono.
550 2048 685 2122 Desunt
697 2047 1129 2143 cultodosdcbgnaturae.
1181 2043 1777 2147 Editioanemioe,‹'1uodsciaro,

147 2150 306 2230 iudicata
334 2164 398 2221 aut
429 2160 528 2220 certe
551 2146 760 2220 adcuratius
779 2144 958 2240 descripta.
1344 2199 1346 2203 ⁷

313 2253 392 2338 3⁶9·
420 2244 683 2320 Bartholomaei
704 2245 965 2338 illontagnanae
985 2241 1130 2317 consilia
1148 2245 1299 2318 medica.
1328 2243 1404 2318 rot
1428 2264 1553 2338 mago.
1608 2248 1777 2323 Praeeuut

83 2372 87 2378 ·
150 2342 275 2431 tabula
297 2343 550 2428 materiarum,
579 2341 617 2417 &
640 2340 838 2437 Regillrum
861 2343 989 2416 Chart.
1013 2341 1089 2416 foll.
1117 2368 1151 2437 4.
1203 2341 1367 2416 Charad.
1388 2341 1492 2436 goth.
1514 2343 1610 2418 Coll.
1631 2373 1661 2419 2.
1679 2347 1775 2421 illar-

148 2437 1676 2619 tirtillir..titillatoriitralatut'rb
1710 2465 1776 2612 'll
1827 2570 1830 2574 »

150 2637 224 2710 sine
249 2651 389 2711 tantum
416 2561 558 2727 iggitur.
589 2633 683 2708 Laus
708 2632 783 2707 De'o
803 2635 925 2709 Amen.
948 2635 1042 2730 finit.
1061 2637 1240 2729 Columna
1260 2558 1401 2729 rioaevils'
1425 2635 1562 2731 integra
1585 2646 1630 2707 oo
1651 2637 1771 2708 linem

149 2734 271 2809 habet.
324 2732 439 2805 Novit
463 2731 566 2804 Ornis
599 2733 635 2804 in
663 2728 832 2825 Suppsem.
863 2755 897 2827 p.
927 2737 1010 2807 ⁶20.
1034 2745 1180 2805 tantum
1207 2754 1254 2806 ex
1281 2731 1431 2829 Nyerup.
1459 2729 1612 2830 Spicilrg.
1637 2728 1767 2805 Biblio-

151 2828 277 2933 gropsr.
303 2829 396 2922 Typi
424 2828 536 2901 italici
563 2828 651 2901 sunt.
704 2829 909 2905 Editionem
941 2829 1009 2903 hac
1036 2830 1152 2906 multo
1180 2831 1437 2916 recentiorem,
1481 2832 1570 2908 anni
1603 2829 1773 2906 nimirum

155 2951 262 3024 1497·
289 2925 464 3024 descripsit
492 2925 613 2999 Brouo
641 2926 680 2999 P.
709 2926 749 3000 Il.
775 2950 808 3022 p.
836 2944 919 3016 298.

314 3047 396 3120 370.
423 3025 588 3119 Hugonis
609 3023 654 3098 de
673 3025 783 3098 Prato
802 3028 877 3098 ord.
901 3024 1019 3100 Praed.
1036 3023 1219 3101 sermones
1242 3024 1279 3099 in
1299 3024 1476 3119 Epistulas
1508 3026 1547 3104 δι
1575 3025 1775 3123 Evangelia·

153 3122 406 3198 Dominicalia.
433 3122 492 3196 sol.
545 3122 654 3196 Praeit
678 3121 787 3195 index
812 3123 991 3217 alphabet.
1020 3123 1255 3197 materiarum
1280 3125 1373 3198 soliis
1402 3150 1423 3218 o
1453 3125 1632 3201 condano.
1684 3126 1777 3201 Cha·

33 3208 38 3236 ¹
151 3220 239 3293 rati.
266 3221 365 3315 goth.
395 3218 466 3294 fine
496 3217 709 3313 fignaturi-a‚
741 3220 873 3294 custod.
909 3221 947 3296 dr
977 3245 1074 3294 nunr.
1100 3221 1174 3294 foll.
1199 3220 1376 3296 Columna
1400 3225 1543 3318 quaevis
1567 3226 1712 3322 integra
1736 3225 1777 3298 li·

153 3338 242 3390 neas
267 3319 376 3390 habet
402 3340 459 3410 43.
512 3316 615 3390 Folio
646 3318 774 3390 ultimo
800 3317 913 3393 recto:
952 3317 1152 3413 Expliciunt
1166 3317 1335 3412 sermones
1360 3318 1507 3393 driscoles
1523 3320 1634 3420 super
1665 3332 1775 3419 rudge-

153 3415 204 3488 siu
235 3426 265 3486 et
296 3414 445 3512 epistolas
453 3437 500 3516 g
526 3426 639 3487 totum·
660 3421 750 3487 onnri
758 3414 887 3507 fratris
907 3415 1047 3517 bergonis
1067 3415 1108 3489 dr
1126 3428 1228 3513 proto
1250 3413 1388 3516 ordinifi
1416 3417 1592 3520 fidicutom.
1648 3422 1772 3498 Occur-

153 3513 201 3585 rit
227 3524 368 3586 tantum
395 3519 492 3605 apud
513 3510 623 3607 Meus
653 3513 710 3588 Ill.
734 3536 769 3627 p.
797 3527 852 3598 88.
874 3537 907 3586 n.
935 3538 1014 3626 37..
1149 3550 1155 3556 ·
1206 3611 1212 3627 ι
1417 3614 1424 3630 .
1497 3614 1504 3629 ·

152 3701 213 3780 bus
237 3703 299 3816 De¹
312 3605 1765 3807 (iniriaaroertniiosigisbffimgffni'rsffiesrulierei'irdiuiilbaunsniit{emigdiizillteliuiteertrendgid

154 3799 360 3897 arescentibus
386 3802 440 3876 De
471 3806 589 3882 Uriois
613 3817 643 3877 cl
668 3814 781 3877 rutum
796 3802 962 3903 speciebus
993 3803 1124 3879 Tubulo
1148 3806 1354 3881 medicinalis
1378 3806 1460 3882 Cum
1485 3808 1665 3891 diretsorr'o
1677 3833 1767 3909 grat·

154 3901 225 3975 rosi
255 3925 314 3996 per
335 3925 444 3975 omnes
466 3901 637 3977 trossulos.
666 3903 725 3977 sol.
752 3927 836 3977 curn
861 3903 987 3998 liguris
1009 3905 1222 3984 herbarum.
1246 3904 1457 3981 animalium
1488 3922 1562 3985 etc.
1618 3907 1778 3991 charada

107 4040 113 4045 -
155 3998 257 4089 goth.
282 4020 367 4071 curn
392 3997 516 4094 signat.
547 4000 617 4075 fine
639 3999 775 4074 custod.
800 4014 838 4075 et
864 4014 965 4083 num.
989 4001 1065 4076 foll.
1117 4001 1217 4076 Folio
1236 4026 1270 4097 4.
1296 4003 1396 4078 verso
1423 4006 1641 4087 duernionis
1656 4012 1712 4089 bb.
1728 4005 1773 4084 et

153 4091 250 4170 runa
272 4094 315 4168 sc.
333 4096 519 4171 Tractatus
541 4098 587 4173 de
604 4098 741 4174 Urinis.
792 4099 928 4174 Tabula
943 4099 1164 4174 ternionibus
1186 4112 1238 4174 cc.
1258 4098 1439 4177 dobree.
1458 4110 1772 4204 comprehendibu

157 4193 196 4269 dt
221 4192 509 4368 cclausditgrgolio
534 4196 670 4271 oretto
694 4195 870 4271 terniouis
894 4221 949 4278 ee.
968 4220 1059 4275 voce
1083 4194 1189 4271 Finit
1238 4199 1361 4273 Habet
1383 4198 1488 4274 Deris
1505 4201 1631 4306 Suppt,
1649 4231 1684 4306 p,
1703 4218 1790 4302 533.

157 4312 208 4363 ex
262 4315 318 4366 ae.
441 4304 511 4366 ott.

64 4510 68 4525 ¹
158 4504 220 4559 nra
244 4483 289 4557 de
315 4387 1374 4585 egc7cssefiffilrggsseggomoqb1)g?agrgo}2tardruffin
1385 4395 1660 4596 cirmAiffltlm
1658 4403 1780 4595 asum':

159 4578 199 4657 dc
223 4576 260 4661 A
280 4620 326 4641 -
351 4583 379 4668 1.
403 4583 476 4666 stne
499 4584 632 4666 custod.
657 4584 696 4662 ἃ
716 4608 818 4663 num.
844 4584 936 4705 foll.¹
971 4583 1032 4719 tid
1056 4587 1195 4665 calcem
1229 4588 1397 4682 Tabulae,
1423 4599 1632 4676 terminatae
1645 4599 1785 4676 colum·

923 4724 936 4743 -·
985 4724 996 4743 ·
1683 4717 1732 4773 oa
