3922 5176
825 254 1224 425 :ses-2
1483 269 1919 404 ,ἵεν

176 509 255 562 nero
274 482 504 586 excellitifflmi
524 484 649 562 artium
673 495 704 565 el
724 483 882 563 medicine
916 482 1059 572 datdorir
1087 483 1148 560 deii
1162 482 1292 584 ,magri
1321 479 1470 581 Ioannis
1491 477 1583 557 dnici
1618 479 1660 558 de
1689 480 1798 580 nigro.
1844 489 1849 504 '
1942 576 1946 586 Ι

174 587 272 761 lirim
290 583 495 760 ‘privilegio
525 584 682 666 Senatus
715 588 850 667 Veneti
877 586 925 663 ad
951 611 1008 664 ιο.
1039 609 1173 673 annos,
1206 583 1353 681 registro
1381 583 1484 659 chart
1515 581 1554 658 dc
1580 580 1800 681 typographi

226 707 300 758 sni
325 707 380 761 us.
1473 710 1477 717 ¹

239 707 262 780 g
335 807 394 880 40.
422 779 547 878 Incipit
566 778 650 858 liber
669 780 711 858 de
734 782 866 860 ueneriis
894 807 986 882 quem
1019 781 1172 882 magister
1200 779 1317 879 sontes
1354 777 1396 854 de
1421 775 1562 874 ardpnis
1589 777 1631 854 de
1657 776 1800 876 pisauro

167 876 315 979 plrificas
348 922 390 938 -·
427 878 520 955 edere
547 882 633 979 cepit
670 885 805 958 venetiis
829 882 883 956 die
910 881 1024 957 odana
1055 877 1219 954 nonibris.
1251 898 1354 973 1424.
1404 876 1455 956 Er
1479 876 1599 952 ibidem
1620 918 1657 932 -
1678 871 1799 974 finiuit

171 977 226 1053 die
257 1001 311 1075 14.
340 977 509 1053 madii-
539 980 615 1055 Fol.
688 981 852 1058 Charalt.
878 981 979 1077 goth.
1005 1002 1089 1056 cnm
1113 978 1238 1074 signat.
1266 976 1305 1054 de
1339 1001 1437 1053 num.
1464 975 1535 1051 soll.
1562 975 1634 1053 fine
1661 974 1794 1051 custod.

169 1076 361 1156 'inaltatus
385 1075 494 1175 hujus
519 1078 836 1176 operisottavus,
871 1081 978 1175 isque
1001 1079 1151 1154 ultimus
1175 1075 1391 1152 terminatur
1413 1077 1451 1149 in
1475 1074 1595 1151 aversa
1613 1097 1694 1170 pag.
1720 1074 1797 1148 folii

172 1194 256 1250 101.
308 1174 430 1263 Folio,
455 1200 529 1251 non
554 1191 768 1266 numerato,
797 1202 876 1255 soa.
900 1178 1051 1273 legitur:
1079 1173 1271 1273 Inpreffism
1301 1173 1448 1250 Ueneriis
1468 1196 1568 1268 opero
1587 1170 1799 1249 Bernnrdinl

168 1275 248 1349 ricis'
273 1272 314 1347 de
338 1275 500 1349 nonaria:
530 1274 748 1373 emendatiq3
764 1300 827 1374 per
844 1317 883 1334 -
904 1275 1051 1350 Dnicnm
1072 1274 1113 1349 dc
1133 1272 1259 1348 Ca'nali
1270 1271 1442 1368 feltriseg.
1470 1269 1624 1370 Impense
1639 1311 1676 1327 -
1692 1269 1796 1344 Ioan·
1912 1326 1916 1333 .

169 1374 224 1448 nis
246 1371 404 1450 dominici
422 1371 464 1447 dc
483 1371 601 1473 Nigro
615 1413 651 1429 -
666 1396 751 1450 cnm
768 1374 957 1472 privilegio
978 1375 1025 1451 ad
1048 1374 1176 1449 decem
1202 1394 1318 1445 annos
1350 1409 1388 1426 -
1413 1367 1702 1467 lllcccclxnxxij.
1728 1367 1797 1451 Die

172 1473 248 1550 xix.
274 1472 389 1574 menfis
412 1469 505 1547 Iulii.
526 1509 565 1529 ··
589 1494 671 1547 cum
691 1472 825 1569 Regist.
847 1474 961 1550 chart.
989 1473 1085 1548 conf.
1107 1468 1253 1544 Neocell.
1280 1491 1361 1564 pag.
1388 1477 1468 1564 130.
1744 1528 1748 1537 ,

330 1591 393 1663 4ι.
415 1569 534 1646 Biblia
560 1593 645 1646 cnm
670 1570 822 1646 Postillis
845 1570 988 1647 Nicolai
1012 1570 1058 1646 de
1081 1569 1200 1665 Lyra,
1224 1568 1472 1642 additionibus
1498 1565 1601 1642 Pauli
1619 1564 1732 1662 Burg.
1757 1563 1797 1645 dc

168 1665 317 1764 replicis
338 1669 470 1744 lllatth.
490 1668 655 1765 Doringii
680 1670 823 1746 Toml.
846 1670 889 1746 ll.
916 1669 955 1747 &
977 1667 1039 1745 lV.
1065 1665 1211 1766 (tertius
1236 1663 1474 1764 desideratur)
1501 1662 1578 1739 Fol.
1630 1663 1795 1741 Charatl.

166 1765 271 1861 goth.
292 1789 376 1841 cum
402 1765 530 1861 signat.
551 1766 623 1844 fine
643 1766 779 1842 custod.
800 1769 839 1846 de
858 1790 957 1844 num.
975 1767 1048 1843 loll.
1100 1762 1162 1839 Ad
1183 1765 1322 1841 calcem
1336 1764 1378 1839 T.
1396 1765 1421 1839 l.
1437 1766 1472 1837 h.
1490 1786 1521 1836 e.
1543 1775 1686 1837 textus:
1714 1760 1796 1836 Ex·
1906 1791 1914 1816 ⁷

160 1863 262 1965 plicit
286 1865 396 1936 oratio
419 1861 590 1963 Manaffes
614 1866 702 1960 regis
725 1862 818 1940 iada.
884 1864 945 1941 Ad
972 1864 1110 1938 calcem
1135 1863 1274 1956 glollae:
1303 1859 1458 1960 Explicit
1477 1869 1574 1934 orato
1595 1862 1684 1956 regis
1709 1858 1796 1933 Ma·

167 1957 285 2058 naffes.
336 1959 475 2035 Tomus
502 1958 678 2038 secundus
707 1961 908 2040 clauditur:
932 1959 1073 2060 Postilla
1094 1957 1292 2033 venerabilis
1317 1999 1361 2017 —-
1398 1959 1439 2032 de
1465 1960 1542 2056 ipra
1558 1956 1663 2055 snper
1677 1955 1796 2031 Eccle-

156 2057 323 2163 staflicnm
338 2057 433 2155 finit.
484 2055 546 2134 Ad
570 2059 709 2136 calcem
732 2061 883 2136 demum
906 2060 999 2134 tomi
1021 2057 1162 2157 quarti:
1186 2053 1383 2156 Exaliuefl
1406 2054 1571 2155 Argitim
1597 2056 1723 2154 instgne
1745 2096 1796 2112 -

165 2182 185 2233 o
211 2181 248 2272 ns
269 2153 368 2231 bibile
391 2179 458 2231 ona
473 2161 515 2231 cri
527 2157 668 2336 ppflillir
688 2199 736 2213 —
758 2157 945 2273 clnpaiine
965 2182 1041 2233 nero
1054 2153 1152 2230 nrbes
1176 2153 1362 2272 imprgffum
1378 2154 1612 2274 incundifflmo.
1623 2155 1792 2260 expletum

163 2253 1017 2467 illidunturtittlltttilztt
1040 2252 1618 2452 litttstlnllltl'tttm
1664 2248 1795 2428 tlt:
1880 2430 1893 2451 .

165 2472 271 2530 nrum
298 2450 371 2527 tu·
390 2450 483 2528 Voll.
500 2452 702 2531 editionem
719 2455 850 2530 citavit
874 2453 994 2532 Weisl.
1010 2450 1115 2528 Arne.
1141 2474 1223 2548 pag.
1247 2473 1330 2550 57⁴·
1720 2547 1729 2564 ι

328 2573 387 2636 42.
416 2550 456 2624 ln
479 2551 603 2629 aversa
627 2552 760 2647 pagina
782 2550 845 2627 iol.
871 2552 895 2628 l.
923 2549 1101 2628 Hermolai
1128 2546 1284 2627 Barbari
1305 2547 1451 2625 Patricii
1474 2546 1594 2623 Vmeti
1609 2545 1651 2625 P.
1662 2557 1791 2623 atriat-

164 2645 247 2724 chae
276 2641 482 2745 Aquileensts
503 2645 548 2722 In
567 2652 795 2749 castigationes
816 2647 923 2728 Plinii
937 2648 1002 2726 Ad
1021 2646 1261 2724 Alexandrum
1284 2646 1425 2725 Sextum
1448 2645 1643 2750 Pontificem
1664 2645 1792 2722 Maxi·

163 2768 252 2822 mum
275 2742 428 2840 Prcsatio
454 2746 606 2824 -data
633 2747 760 2823 Oliano
788 2748 963 2825 Kalendas
987 2745 1189 2846 Septembris
1216 2743 1513 2825 MCCCC'XCII.
1563 2745 1668 2821 Folio
1683 2770 1718 2840 3.
1735 2746 1791 2820 in-

160 2843 299 2938 cipiunt
321 2843 404 2938 ipsae
425 2842 682 2942 castigationes:
710 2846 878 2921 Pliniana
897 2847 967 2928 &c
989 2844 1070 2925 Fol.
1117 2846 1285 2923 Charall.
1315 2868 1455 2926 roman.
1483 2868 1569 2921 cnm
1596 2843 1790 2940 fignatnris'
1928 2932 1944 2943 p

162 2962 187 3014 a
204 2977 242 2997 υ-
262 2963 294 3014 z.
316 2941 408 3017 item
430 2963 474 3018 aa
497 2982 533 2998 -
555 2967 610 3021 cc.
637 2968 793 3019 necnon
817 2943 854 3020 A
874 2927 910 2998 -·⁰
933 2945 975 3019 L.
1000 2943 1073 3024 line
1097 2945 1228 3019 custod.
1252 2944 1292 3021 ue
1313 2967 1413 3023 num.
1434 2943 1508 3020 foll.
1567 2940 1628 3019 Ad
1650 2941 1790 3018 calcem

161 3059 245 3136 pag.
266 3064 297 3115 1.
321 3039 397 3113 folii
414 3046 447 3114 o.
471 3041 646 3155 tetolonis
663 3041 704 3124 L.
728 3040 779 3118 est
801 3039 897 3155 llinis
912 3041 1163 3139 castigationum
1183 3039 1419 3117 Plinianarssm
1436 3039 1614 3114 Hermolai
1634 3037 1791 3115 Barbari
1900 3053 1904 3063 '

163 3134 326 3235 Imprcffit
357 3136 550 3217 Eucherius
576 3137 769 3236 Argenteus
799 3136 970 3243 (suber)
1001 3135 1219 3214 Germanas:
1259 3136 1346 3237 (lic)
1380 3138 1498 3215 Romu
1527 3130 1786 3214 MCCCCXC.
1942 3188 1947 3193 -

168 3234 294 3311 Oiiauo
317 3234 466 3311 Kolidas
492 3235 701 3314 Decembris:
727 3234 925 3314 Alexandri
945 3235 1047 3314 Sexti
1067 3236 1242 3334 Pontificis
1264 3237 1419 3314 Maximi
1438 3233 1672 3335 principans!
1703 3234 1787 3312 Sta·

162 3336 252 3410 riom
274 3335 395 3431 primo.
447 3335 553 3414 Conf.
577 3335 675 3414 Aad.
699 3360 781 3436 pag.
802 3363 884 3438 307.
936 3337 992 3414 De
1013 3337 1281 3426 additionibus,
1307 3335 1346 3414 de
1379 3336 1695 3415 emendationibus
1719 3334 1789 3412 hu·
1866 3355 1868 3359 ’

164 3429 226 3535 jus
250 3433 423 3509 editionis
448 3437 542 3511 conf.
566 3435 613 3511 N.
643 3451 697 3523 18.
718 3439 767 3512 ad
790 3460 874 3512 ann.
903 3460 996 3535 1493

327 3552 386 3617 aa.
416 3530 530 3632 opera
542 3533 654 3634 sandi
670 3530 845 3635 Ambroſsi
860 3558 946 3634 pars
957 3531 1084 3634 scendo
1104 3572 1143 3592 -
1163 3543 1195 3608 er
1209 3572 1248 3592 ·-
1260 3557 1345 3630 pars
1362 3533 1471 3609 tertia.
1499 3531 1646 3634 (prima
1660 3530 1788 3631 deest)

162 3628 193 3707 F
195 3627 241 3704 ol.
271 3627 366 3707 Voll.
391 3655 423 3708 2.
473 3631 668 3711 Charaster
687 3635 854 3730 gothicus
877 3633 943 3733 (in
955 3633 1112 3729 epistolis
1128 3632 1328 3807 romannslp
1345 3645 1496 3730 uterque
1508 3633 1677 3730 elegans,
1703 3654 1789 3708 cum
1865 3647 1895 3669 ‘

163 3726 291 3805 finnt.
308 3728 379 3806 sme
403 3753 502 3811 num,
524 3732 601 3812 foll.
618 3732 658 3811 dt
678 3732 813 3808 custod.
862 3732 924 3811 Ad
943 3732 1082 3810 calcem
1102 3730 1207 3807 Tom.
1224 3730 1269 3807 11.
1325 3731 1450 3829 xpls'cit
1471 3730 1668 3828 explanatio
1682 3727 1788 3828 santii

206 3825 338 3930 mlrofii
359 3828 502 3928 episcopi
519 3832 555 3912 in
577 3857 595 3904 e
619 3831 744 3930 idolam
767 3829 856 3907 beati
870 3832 969 3932 pauli
984 3828 1031 3906 ad
1048 3827 1278 3910 Plsilnnonem.
1330 3830 1371 3906 ln
1399 3830 1516 3907 Tomo
1536 3830 1596 3907 lll.
1626 3830 1788 3926 primum

164 3926 288 4001 locum
313 3929 577 4030 occupantEp'
608 3929 847 4007 olaennmero
872 3947 928 4026 34
958 3930 1176 4028 adquorum
1197 3928 1335 4006 calcem
1353 3927 1503 4025 legitur:
1530 3927 1786 4030 Proclarifflmsi
1843 3987 1846 3994 .
1902 3960 1907 3965 ·

165 4047 249 4123 opas
272 4023 469 4126 Epistolarsi
488 4070 525 4086 -
543 4053 606 4128 per
626 4029 818 4129 magistrum
839 4025 1038 4137 eJolsannnn
1064 4025 1106 4102 de
1127 4025 1318 4107 Amerbaclr
1340 4023 1544 4127 impscffirm:
1571 4023 1676 4104 Anno
1689 4025 1788 4124 salse·

164 4121 261 4218 riseri
285 4125 468 4218 uirginalis
485 4139 606 4229 portus
625 4151 757 4226 nonage
781 4154 835 4204 mo
851 4125 999 4227 semndo
1012 4124 1122 4227 snpra
1142 4125 1342 4225 millesimam
1362 4137 1540 4224 quaterque
1561 4125 1787 4225 ceneefinnn:
1938 4125 1941 4133 ‘

158 4222 331 4336 foeliciter
343 4221 548 4329 finitamcst.
596 4227 735 4305 Ultimo
748 4129 843 4303 loco
869 4238 1066 4317 occurnmt
1090 4223 1290 4310 sermones,
1326 4225 1373 4302 ad
1419 4247 1548 4301 norum
1571 4222 1710 4299 calcem
1734 4222 1788 4298 le·

223 4343 281 4397 ur:
309 4319 583 4430 Explicitnmest
610 4350 692 4424 opus
706 4327 897 4427 samonam
915 4365 952 4384 -
979 4323 1108 4425 Basrlee
1117 4347 1160 4436 p
1182 4324 1343 4423 magenes
1370 4246 1569 4428 Jomsnen
1597 4319 1639 4398 de
1660 4318 1788 4398 Anser·

229 4418 271 4494 ls:
291 4417 398 4497 Anno
420 4460 468 4478 -
488 4427 696 4525 nonogesimo
708 4423 856 4525 secundo
870 4423 980 4526 ssspra
997 4423 1204 4520 millefimum
1217 4433 1395 4520 quaterque
1406 4422 1618 4522 centesimam.
1668 4417 1790 4497 Acce·

164 4518 223 4595 dit
243 4516 434 4595 Annotatio
448 4524 562 4623 princi
583 4524 687 4613 aliam
710 4522 870 4601 dr'tioran
890 4525 963 4605 &c
995 4521 1103 4602 eure
1124 4522 1173 4600 de
1193 4522 1263 4613 hac
1279 4521 1440 4603 editione
1458 4520 1536 4620 egit
1552 4516 1670 4599 Wcirl.
1683 4516 1787 4596 Aras.

161 4640 250 4721 pag.
271 4641 353 4721 575.
377 4616 471 4743 seqq.
489 4619 530 4701 de
545 4546 673 4743 ¹denen
695 4623 736 4704 P.
751 4621 796 4704 u
819 4644 918 4727 pag.
927 4642 1010 4715 231.
1032 4620 1130 4724 seqq.
1207 4703 1222 4729 .
1712 4644 1715 4649 ’

1551 4678 1775 4816 ianm?
