3892 5182
793 272 1121 398 ΑΒ
1713 316 1772 410 st

171 470 279 569 Vlll.
309 474 545 567 Guilielmi
566 476 1000 597 Durantispecnlum
1035 478 1254 598 Judicinle
1292 469 1392 576 cum
1427 481 1691 602 Repertorio
1719 484 1768 576 in
1850 459 1853 465 ’

254 590 371 679 idem
392 591 749 686 &additionibus
774 595 984 710 johannis
1004 602 1200 692 Andreae
1219 602 1265 692 st
1294 600 1433 691 Baldi.
1510 600 1665 690 Paduae
1690 625 1769 717 per

256 704 358 820 Joh.
384 707 595 825 Magnum
621 715 676 802 de
696 711 983 826 seligenstadt
1009 741 1136 832 1479.
1168 714 1294 815 Vols.
1319 747 1362 830 4.
1389 719 1434 806 in
1458 713 1500 805 F
1502 717 1564 814 ol,
1586 742 1728 828 magn.
1871 817 1879 827 β
1937 768 1941 777 »

208 998 215 1014 .
303 899 504 1018 Volumina
519 908 791 1009 distinquuntur
806 910 960 1007 praelixa
975 911 1179 1000 unicuivis,
1204 925 1362 1010 excepto
1378 914 1518 1011 primo,
1544 912 1668 989 tabula
1688 935 1767 987 ma·

167 1009 335 1087 terrarum,
366 1001 550 1102 suanntta
573 1033 663 1086 vero
687 1007 864 1105 peculiari
885 1006 1164 1106 subscriptione,
1194 1010 1399 1107 &registro
1415 1011 1637 1088 chartarum.
1672 1011 1765 1086 Por·

166 1119 195 1171 ro
214 1095 393 1176 Volumen
415 1105 576 1202 primum
603 1132 678 1182 non
699 1103 763 1181 nist
798 1108 1042 1203 repertorium
1068 1109 1361 1205 alphabeticum,
1386 1110 1425 1184 id
1453 1132 1543 1185 vero
1570 1107 1657 1184 satis
1686 1131 1766 1183 am·

163 1192 259 1367 plum,
277 1197 341 1275 eli
366 1200 556 1296 praesentis
582 1206 718 1302 operis.
769 1201 832 1280 Ad
857 1204 996 1282 calcem
1025 1204 1135 1305 hujus
1162 1205 1365 1283 voluminis
1393 1207 1530 1304 legitur
1555 1204 1766 1304 subscriptio

173 1317 309 1390 equuus.⁴
351 1295 454 1396 Asini
474 1300 618 1402 Patnnij
648 1303 692 1379 i⁰
725 1327 808 1401 opas
841 1302 969 1402 inclyti
1002 1304 1145 1402 longeq3
1176 1303 1350 1405 expolitn3
1380 1330 1426 1380 ear
1455 1305 1588 1403 officina
1615 1303 1768 1404 magistri

192 1396 299 1508 oannis
316 1395 490 1499 stigenflat
516 1402 706 1479 undecimas
732 1399 892 1479 calendas
916 1397 1098 1489 decembris
1118 1401 1175 1478 M.
1189 1426 1285 1479 cccc.
1301 1403 1463 1480 Lxxvii‘.
1485 1405 1668 1502 imperante
1688 1400 1765 1476 ista·

179 1492 284 1606 nfflmp
303 1499 496 1596 aenetiara3
522 1499 604 1576 duce
627 1502 694 1577 dno
717 1495 840 1605 ffatim
863 1501 1041 1598 mntenigo.
1093 1500 1167 1575 His
1182 1501 1222 1576 in
1240 1503 1372 1579 eadem
1386 1509 1429 1599 cſs
1447 1524 1559 1576 umna
1572 1500 1766 1577 immedia-
1869 1558 1872 1562 «

109 1637 114 1649 -
160 1596 188 1666 te
204 1589 383 1705 snbjunda
404 1595 454 1672 est
478 1596 651 1697 Francisci
671 1599 712 1676 de
730 1599 872 1675 monelia
894 1601 931 1673 in
957 1599 1108 1698 reptoriri
1128 1622 1152 1673 a
1162 1597 1205 1698 se
1226 1601 1305 1700 casii
1328 1604 1387 1673 atri
1403 1598 1501 1699 epla'.
1552 1599 1609 1675 De
1622 1599 1764 1696 Reper-

161 1699 255 1776 nno,
278 1705 409 1789 utpote
431 1693 507 1790 jam
527 1722 626 1775 anno
651 1713 744 1801 1478
770 1696 960 1796 imprelso,
987 1699 1159 1795 quaedam
1175 1697 1291 1773 dixia
1332 1697 1368 1775 h.
1386 1721 1419 1773 a.
1442 1696 1489 1773 N.
1506 1695 1626 1773 XXV.
1671 1698 1786 1786 Quae,

162 1786 195 1862 td
214 1789 351 1866 calcem
377 1793 526 1889 primae,
550 1796 737 1889 secundae,
762 1819 806 1871 ac
825 1796 948 1872 tertiae
972 1798 1110 1896 partis,
1137 1816 1222 1968 {uae
1245 1795 1421 1894 posterior
1436 1818 1522 1872 cum
1537 1807 1641 1893 parte
1655 1816 1765 1893 quar·

161 1895 275 1980 auno
297 1888 349 1965 est
374 1891 563 1972 volumine
598 1894 877 1994 comprehensa,
907 1894 1083 1990 leguntur
1106 1893 1145 1969 su
1169 1892 1402 1991 scriptiones,
1433 1914 1489 1971 eae
1526 1893 1677 1992 quidem
1708 1891 1765 1968 lo·
1843 1979 1844 1983 4

162 2005 248 2071 mm.
279 1985 318 2064 dt
341 1993 613 2091 typographum
643 1993 895 2076 manifestant,
931 2015 1068 2069 annum
1101 2015 1189 2069 vero
1222 1990 1462 2089 impressionis
1486 2016 1561 2067 non
1585 1992 1763 2084 indicant.
1800 2042 1803 2047 -

159 2079 362 2181 Subscriptio
377 2101 501 2166 autem
515 2096 611 2186 parti
627 2092 735 2187 hujus
752 2093 874 2188 operis
914 2104 1043 2178 nactae,
1054 2091 1161 2187 eique
1175 2089 1319 2167 ultimae
1335 2088 1474 2188 adjesta
1481 2089 1600 2166 multo
1613 2089 1763 2167 uberior

162 2176 209 2255 ess
253 2182 311 2258 En
333 2185 456 2263 illam:
481 2188 552 2264 Hic
570 2195 611 2291 est
623 2193 710 2288 finis
736 2201 853 2288 quarte
868 2113 912 2265 ss
922 2188 1037 2264 ultime
1058 2191 1169 2275 nortis
1183 2187 1314 2288 speculi
1337 2187 1465 2291 domini
1493 2183 1679 2264 Gaiilaelmi
1695 2184 1763 2260 da-
1858 2242 1863 2249 .

165 2280 323 2355 tertiana
346 2289 388 2358 cai
410 2284 605 2363 austraibus
628 2286 785 2394 Joannr's
803 2286 944 2362 andree:
972 2283 1014 2363 ss
1038 2286 1101 2361 itti
1120 2282 1216 2360 baldi
1233 2285 1311 2385 fuir
1329 2285 1412 2360 loeis
1434 2286 1644 2384 integerrime
1665 2282 1764 2360 cado·

173 2379 232 2453 reis
259 2379 300 2458 is
325 2380 521 2484 distributis.
576 2385 619 2485 St
643 2387 704 2462 iac
723 2391 799 2461 ami
814 2385 907 2481 sciar
930 2390 1041 2484 iptor:
1066 2382 1130 2460 ide
1153 2384 1276 2460 nitimd
1288 2383 1418 2483 spirensi
1432 2383 1555 2480 fhrmd
1576 2389 1647 2461 orire
1673 2382 1763 2458 aliar

174 2483 307 2561 airedem
338 2489 548 2569 utilitate&
571 2491 770 2566 cimoditate
795 2488 930 2569 habebis
952 2491 1059 2588 rttni3
1084 2484 1189 2566 libros
1210 2486 1350 2565 emidati
1372 2514 1454 2565 renos
1470 2486 1673 2662 wlnodum
1697 2487 1763 2565 stis
1795 2489 1799 2497 ’

166 2577 231 2657 adeo
256 2588 437 2691 expolitos:
465 2602 504 2665 at
520 2615 576 2665 ma
600 2594 674 2694 ister
693 2587 855 2695 (Joanner
874 2595 999 2690 magn⁹
1025 2614 1070 2665 err
1090 2587 1260 2665 alemania
1287 2586 1329 2664 de
1341 2587 1475 2690 filligifl
1528 2587 1598 2685 sna
1619 2612 1659 2662 ac
1675 2575 1761 2685 'srip-
1914 2684 1918 2689 Ι

162 2687 194 2794 la
221 2696 291 2758 arte
316 2687 494 2789 imortases
502 2689 538 2764 ln
585 2716 619 2765 es
639 2688 760 2789 adept’
769 2690 880 2787 feeerit
901 2694 1049 2789 qadtriqg
1062 2689 1133 2789 stnt
1150 2713 1177 2786 p
1196 2688 1312 2763 ceteris
1334 2686 1504 2786 digniores
1530 2684 1644 2786 segida
1671 2683 1762 2760 diia-

159 2774 258 2854 derare
276 2787 415 2880 poteris.
481 2787 637 2887 Expleta
663 2791 800 2888 patarrij
824 2786 905 2887 pdie
931 2813 1036 2864 nonas
1064 2789 1183 2862 maias.
1213 2785 1268 2863 M.
1294 2783 1523 2875 ccchrrarix,
1585 2783 1776 2862 Ceterum

156 2874 227 2953 laec
249 2883 365 2957 editio
392 2885 542 2981 gothico
569 2888 777 2963 charastere
805 2887 1032 2984 pereleganti
1051 2887 1090 2960 in
1110 2884 1251 2960 duabus
1268 2883 1450 2960 columnis
1473 2883 1612 2960 chartae
1636 2880 1762 2959 sirmis-

153 2969 261 3063 stmae,
291 2980 350 3055 sed
370 2984 494 3058 minus
517 2985 611 3060 albae
636 2985 805 3080 impressa
825 2984 887 3058 est.
938 2985 1093 3058 Litterae
1112 2982 1274 3057 initiales
1290 2981 1418 3057 desunt
1440 2982 1675 3078 plerumque.
1698 3004 1760 3055 cu·

154 3069 267 3187 llodes
294 3102 381 3153 vero
405 3080 444 3157 dr
469 3083 688 3178 paginarum
712 3081 856 3156 numeri
871 3104 915 3156 ac
935 3079 1189 3175 inscriptiones
1210 3078 1344 3152 ubivis.
1395 3078 1543 3154 Nullam
1562 3077 1671 3174 hujus
1687 3077 1764 3152 edi-

153 3175 261 3249 ttonis
287 3178 407 3272 reperi
429 3180 657 3259 mentionem
680 3179 779 3278 apud
800 3176 1104 3276 Bibliographos,
1132 3175 1195 3274 qui
1214 3174 1306 3251 mihi
1328 3174 1377 3249 ad
1402 3198 1534 3250 manus
1560 3174 1650 3249 sunt.
1702 3174 1764 3273 Jo-

152 3267 289 3348 tennes
308 3298 465 3372 magnus
495 3279 542 3353 de
563 3278 794 3375 Siligenssat,
827 3277 905 3364 vel,
933 3289 976 3353 ut
999 3275 1131 3352 cestius
1154 3272 1320 3351 scribitur
1340 3274 1379 3348 in
1402 3270 1658 3367 sublcriptione
1681 3293 1764 3368 par·

151 3366 199 3445 tte
213 3373 364 3462 tertiae,
409 3375 457 3454 de
485 3375 705 3476 Soligenstat
738 3377 840 3456 idem
865 3376 936 3454 suit
961 3398 1045 3453 cum
1075 3373 1240 3476 Johanne
1269 3370 1443 3450 Herbort.
1465 3369 1561 3449 cons.
1585 3367 1632 3447 N.
1648 3369 1694 3447 11.
1715 3369 1763 3445 ad
1833 3461 1836 3465 ¹

153 3486 234 3548 ann.
264 3488 368 3572 1480.
1250 3482 1262 3501 ”
1449 3484 1453 3491 “

127 3742 131 3761 ·
157 3684 230 3783 11.
261 3688 304 3781 F
306 3667 490 3778 riderici'
502 3686 690 3778 Petrucii
704 3689 838 3801 vulgo
855 3680 1073 3775 Friderici
1098 3683 1153 3770 de
1170 3680 1295 3769 Senis
1322 3679 1509 3772 Consilia
1534 3706 1633 3770 cum
1651 3679 1763 3794 ejus·
1892 3666 1896 3681 ’

265 3809 367 3896 dem
399 3803 611 3894 Tradtatu
644 3805 699 3892 de
731 3801 1056 3894 Permutatione
1089 3798 1427 3895 Beneficiorum,-
1495 3797 1647 3885 Romae
1685 3823 1763 3912 per

193 3936 198 3945 “
268 3922 508 4036 Georgium
530 3919 648 4016 Laut
679 3946 793 4009 anno
828 3944 952 4033 1479.
984 3916 1029 4004 in
1056 3912 1160 4004 Fol.

311 4121 416 4218 Opus
441 4117 535 4196 istud
560 4119 709 4214 gothico
729 4113 936 4192 charattere
956 4112 1183 4210 pereleganti
1200 4107 1239 4187 in
1260 4110 1401 4186 duabus
1413 4104 1604 4183 columnis
1627 4105 1764 4216 chartae

188 4218 472 4303 restantillrmam
500 4217 538 4293 dt
560 4215 746 4293 latilsrmos
766 4213 953 4308 margines
975 4210 1124 4288 babenti
1146 4208 1354 4306 impressum
1381 4205 1443 4281 ell,
1490 4205 1626 4281 Desunt
1643 4204 1766 4311 imtra-

153 4348 156 4353 ’
235 4321 390 4403 litterae,
416 4316 601 4400 custodes,
632 4312 845 4411 signaturae,
875 4307 1090 4407 paginarum
1115 4307 1258 4383 numeri
1287 4305 1325 4382 dt
1348 4305 1545 4378 earundem
1565 4298 1766 4408 inscriptio·

109 4474 113 4484 .
168 4438 236 4493 nes.
282 4419 323 4492 ln
348 4417 471 4490 fronte
494 4412 693 4487 voluminis
719 4413 853 4506 legitur
878 4407 950 4483 Her
974 4408 1014 4507 tfl
1044 4403 1161 4480 tabula
1163 4405 1278 4578 semer
1299 4397 1575 4500 disputationibus
1598 4396 1768 4507 questione·

168 4507 220 4588 tus
242 4513 281 4593 ss
307 4511 461 4605 Confiiir's
487 4510 613 4583 donriai
639 4509 810 4585 Frederici
832 4505 874 4582 de
896 4504 992 4583 Senis
1011 4529 1072 4603 per
1098 4506 1163 4578 titn
1177 4528 1214 4579 or
1238 4500 1461 4575 decretalium.
1528 4494 1578 4570 Et
1596 4516 1705 4588 premo
1728 4486 1769 4563 de

170 4603 447 4714 tontitntionibat.
480 4606 643 4686 Rubriae.
695 4607 828 4706 Implet
847 4607 929 4686 haec
944 4603 1070 4681 tabula
1087 4600 1178 4680 folia
1201 4600 1374 4697 quinque.
1429 4591 1533 4671 Folio
1549 4591 1770 4782 sextizsglplus
