3892 5182
168 280 475 408 s12
663 292 712 423 s
872 296 1196 423 ΒΑΕ-

191 1484 197 1513 l

70 1538 79 1549 -
223 1481 357 1581 rijure
381 1481 506 1557 auctor
530 1480 759 1577 praefationis
806 1479 866 1556 seu
889 1503 1014 1557 verius
1041 1478 1202 1577 epistolae
1224 1480 1463 1559 dedicatoriae
1490 1479 1538 1557 ad
1553 1478 1709 1561 Pauun

2 1582 219 1711 addreb(

174 1924 176 1928 .
226 1893 292 1973 pre

135 2294 138 2299 ·
225 2281 413 2356 margines
438 2260 675 2359 reliquerunt.

237 560 241 569 ,
322 507 381 583 Ex
401 504 732 598 Praefatione'tum
752 504 856 592 huic,
899 519 981 605 tuin
1005 504 1095 580 aliis·
1111 499 1332 601 quibusdam
1360 499 1481 581 saeculi
1506 499 1587 580 iiii.
1615 497 1839 580 editionibus

221 606 396 705 prefixa,
435 627 519 703 quae
543 606 693 703 incipit:
720 603 896 705 Bqffarion
922 601 961 681 S.
984 602 1030 679 R.
1053 601 1099 677 E.
1122 599 1309 700 Episcopus
1339 598 1535 677 cardinatis
1560 598 1765 700 Sabineusts,
1794 597 1836 674 s!

225 698 609 805 Constantinopolitanus
635 698 839 778 Potriorclio
860 700 929 778 &a
953 699 1133 777 manifesti
1148 700 1285 774 erroris
1301 699 1572 775 convincuntur
1586 699 1709 775 Biblio
1754 696 1841 867 ephi

220 826 297 878 non
307 802 452 899 pauci,
478 802 542 897 qui
566 800 644 898 poll
668 799 889 876 hlicliaelem
907 799 1099 875 lllaittaire
1120 798 1323 872 editionem
1346 796 1442 872 hanc
1466 795 1697 872 aCardinale
1752 820 1772 869 e
1799 816 1842 867 aa

220 901 327 979 tione
349 914 534 985 curatam,
573 910 639 972 aut
660 921 747 973 cuin
770 897 825 973 Cl.
849 897 897 971 de
918 896 1020 974 Bure
1046 894 1265 992 praefatione
1289 892 1456 992 ejusdem
1475 892 1686 969 Cardinalis
1709 890 1841 965 instru-

221 996 317 1073 ttam
334 996 437 1072 fuisse
461 995 715 1071 adfirmamnt.
768 993 865 1070 Nam
890 992 1016 1069 audior
1037 991 1147 1090 hujus
1162 993 1409 1089 praefationis,
1436 993 1607 1087 idemque
1620 990 1744 1087 operis
1768 988 1847 1062 edi·

221 1108 282 1173 tor
306 1093 556 1169 aBelsarione
575 1102 702 1190 aperte
716 1092 750 1169 se
766 1092 973 1189 distinguit,
1001 1091 1088 1165 dum
1110 1113 1184 1165 non
1207 1091 1318 1166 modo
1341 1089 1574 1165 Cardinalem
1597 1088 1704 1163 istum
1725 1086 1846 1160 maxi·

222 1193 295 1268 mis
316 1191 486 1265 laudibus
509 1191 676 1275 extollit,
716 1190 983 1265 verumetiam
1007 1186 1198 1272 adfirmat,-
1222 1187 1435 1283 exscriptis
1459 1186 1697 1283 quibusdam,
1725 1183 1845 1259 maxi·

223 1311 283 1367 me
309 1290 348 1362 in
371 1285 618 1362 defensionem
646 1287 814 1363 Platonis
843 1286 889 1360 ab
918 1287 1049 1361 eodem
1080 1284 1276 1360 Cardinale
1302 1285 1414 1360 editis
1445 1282 1669 1361 occasionem
1692 1279 1755 1357 sibi
1777 1277 1847 1355 else

226 1386 389 1461 oblataiu
415 1385 624 1482 platonicos
650 1385 832 1481 quosdam
856 1382 1089 1495 philosophos
1113 1383 1151 1458 iii
1169 1382 1292 1458 lucem
1313 1397 1356 1456 ut
1376 1383 1513 1460 ederet.
1579 1381 1701 1469 Quare
1723 1378 1846 1552 plutia-

224 1580 358 1661 P.‘esle
379 1579 550 1655 statuitur
569 1537 977 1678 Johannes‘sspiicopus
1003 1574 1223 1664 Aleriensis,
1261 1580 1323 1674 qui
1347 1578 1603 1677 typographiae
1632 1531 1846 1652 Pannaitzii
1926 1672 1929 1677 Ι

224 1676 266 1755 dr
289 1675 604 1772 Schweinheymii
636 1677 849 1789 perplures
875 1698 991 1751 annos
1028 1674 1243 1753 correiioris
1279 1673 1400 1762 simul,
1440 1677 1479 1756 dt
1512 1676 1667 1765 editoris
1691 1693 1845 1750 munere
1934 1706 1938 1711 ·

225 1774 385 1945 misens
407 1775 575 1949 praefuit,
613 1775 673 1851 cui
694 1787 808 1849 etiam
829 1775 911 1852 haec
933 1771 1084 1871 epistola
1105 1773 1145 1850 in
1172 1772 1256 1849 aliis
1283 1772 1508 1853 editionibus
1533 1773 1655 1851 saeculi
1668 1770 1752 1852 XV.
1780 1792 1847 1846 ex·

319 1884 417 1947 etri
442 1885 554 1958 uitur,
702 1907 710 1917 =

329 2060 438 2153 Quod
460 2077 654 2144 externam
679 2062 789 2163 hujus
818 2045 993 2145 editionis
1016 2065 1175 2142 sormam
1212 2067 1365 2154 attinet,
1401 2066 1483 2164 typi
1506 2065 1656 2163 quidem
1678 2061 1846 2176 rotundi,

226 2162 537 2276 &perelegantes
562 2162 663 2240 sunt:
690 2186 853 2336 passypus
876 2165 1048 2338 ni‘ui'fidz,
1066 2163 1105 2241 dc
1128 2165 1252 2279 firma,
1286 2168 1324 2240 in
1353 2189 1426 2261 qua
1452 2167 1595 2279 amplos
1623 2161 1847 2335 typographi

226 2372 319 2471 terae
343 2357 525 2447 initiales,
549 2359 649 2436 tituli
671 2278 1327 2464 fibrmeuifflthgissrgffiesfiageipaaijgff
1341 2261 1757 2457 deucliieiiddidlii‘inddddrdte:
1778 2270 1867 2431 nletc

230 2456 406 2532 lineolam
429 2453 492 2529 sibi
515 2455 732 2552 impositam.
783 2457 899 2552 Signa
924 2457 1194 2535 distinffiouum
1215 2459 1297 2533 sunt
1318 2458 1510 2553 punitum,
1540 2455 1673 2531 &duo
1696 2451 1845 2549 punita.

139 2560 144 2575 “
230 2576 299 2631 uec
321 2576 395 2626 nori
417 2548 559 2647 signum
580 2553 902 2645 interrogationis,
929 2555 1028 2649 quod
1048 2553 1160 2629 hodie
1186 2550 1317 2630 usitato
1339 2550 1563 2629 siniillimum
1584 2546 1646 2626 est.

326 2740 556 2827 Rarissimam
582 2742 651 2820 elle
671 2744 766 2821 hanc
790 2746 1008 2831 editionem,
1036 2744 1184 2824 &inter
1198 2745 1516 2823 Bibliothecarum
1530 2741 1719 2821 thesauros
1740 2758 1847 2836 repo·
1935 2730 1940 2739 ’

231 2841 411 2952 nendam,
426 2840 680 2939 Bibliographi
695 2866 824 2917 omnes
841 2844 1013 2917 fatentur.
1066 2844 1241 2941 Idemque
1255 2844 1442 2941 colligitur
1457 2868 1506 2918 ex
1545 2842 1707 2941 aucitate
1720 2856 1847 2911 exem·

231 2940 400 3037 plarium.
451 2938 536 3015 Non
559 2942 681 3026 enim,
707 2937 771 3014 nisi
798 2962 877 3041 275.
893 2942 1117 3038 typographi
1131 2940 1357 3039 impressere,
1382 2954 1425 3016 ut
1443 2865 1552 3039 paudd
1570 2952 1656 3015 ante
1671 2934 1847 3013 diximus

232 3036 371 3110 Omnes
392 3036 523 3122 etiam,
557 3037 656 3132 quod
674 3036 764 3125 scio,
804 3051 951 3113 eamut
975 3040 1134 3134 primam
1158 3041 1346 3125 omnium,
1384 3037 1665 3134 &originalem
1691 3056 1739 3110 ex
1765 3028 1849 3128 ipsis
1923 3072 1927 3079 -

234 3132 492 3229 Manuscriptis
512 3132 712 3210 Codicibus
730 3136 839 3211 unice
858 3135 1023 3211 haustam
1045 3137 1268 3224 habuerunt,
1293 3137 1334 3211 id
1356 3138 1455 3232 quod
1474 3137 1595 3211 editor
1620 3135 1658 3209 in
1680 3129 1845 3230 pluribus

232 3230 461 3327 praefationis
479 3229 552 3307 suae
578 3231 671 3307 locis
692 3233 791 3309 haud
812 3233 959 3311 obscure
987 3230 1215 3328 significavit.
1279 3236 1400 3320 Quare
1422 3232 1521 3306 haud
1544 3233 1609 3308 abs
1632 3254 1672 3306 re
1694 3224 1848 3322 suspesta

232 3328 340 3415 mihi,
369 3350 452 3424 quae
475 3329 531 3404 Cl.
548 3328 759 3405 Franciscus
776 3331 930 3405 Carolus
947 3325 1057 3403 Alter
1073 3331 1112 3404 in
1138 3326 1341 3420 utbetbmt
1363 3326 1617 3424 nttlmibmtt
1633 3322 1848 3428 arrogabat

234 3429 298 3504 ber
323 3425 593 3526 yrtedytsdneu.
624 3429 704 3508 nob
726 3415 963 3524 Kimisditu
984 3422 1162 3523 suffitu
1177 3431 1250 3506 mit
1266 3425 1555 3528 bomettnngeu
1579 3444 1658 3507 nou
1673 3421 1845 3508 {donam

235 3521 443 3619 daemoni>
473 3529 511 3601 b·
545 3521 685 3634 §bepl-
714 3523 881 3608 booten
912 3520 1714 3635 ouooenenyltsoienuetusutio1273.
1748 3541 1850 3596 com⁴

236 3633 417 3695 memorat
441 3617 487 3695 de
505 3620 669 3695 editione
689 3615 857 3717 Apuleii,
883 3618 960 3718 jam
980 3643 1064 3696 ann.
1092 3628 1196 3722 1460.
1220 3622 1409 3700 edomata.
1462 3623 1520 3699 En
1534 3620 1701 3720 ipsaeyus
1717 3616 1846 3695 verba:

236 3714 404 3815 Aprilriiis
429 3714 470 3791 de
491 3713 599 3812 Afinio
619 3740 720 3791 aureo
736 3716 811 3795 Fol.
845 3717 947 3817 1460.
1002 3716 1110 3816 bisse
1137 3722 1324 3821 ausgabc
1351 3713 1517 3811 btfitibtt
1539 3722 1611 3812 fio)
1629 3727 1668 3797 'tit
1683 3726 1748 3797 bet
1765 3712 1849 3825 alat

94 3826 101 3833 '
237 3810 447 3929 similibus
469 3813 706 3909 bibliothec,
723 3840 765 3906 511
788 3806 1065 3920 Zidnigsbtrg.
1147 3818 1206 3895 Ex
1231 3843 1303 3915 quo
1326 3819 1430 3897 sorite
1454 3820 1549 3895 hanc
1572 3815 1731 3894 hauserit
1753 3821 1851 3888 notu

216 3926 347 4005 tiam,
375 3936 450 3987 nori
469 3926 744 3987 commemorat.
797 3914 891 3990 Silet
911 3916 1025 3989 etiam
1041 3917 1087 3990 de
1101 3916 1203 4004 locu,
1233 3917 1272 3996 di
1291 3917 1534 4015 typographo.
1586 3917 1712 3991 Donec
1735 3910 1849 4009 igitur

237 4011 349 4086 certis
371 4010 610 4095 testimoniis,
653 4010 784 4089 aliisve
816 4011 963 4087 iudiciis
993 4011 1186 4088 Alteriana
1210 4016 1291 4091 haec
1317 4016 1432 4090 editio
1447 4015 1567 4092 suerit
1590 4010 1845 4107 comprobata:

160 4152 166 4157 ·
237 4092 445 4183 Romanam
467 4108 554 4181 anni
580 4112 682 4204 1469.
704 4109 861 4205 primam
882 4112 1048 4185 omnium
1066 4111 1250 4210 adpellare
1266 4111 1401 4189 licebit.
1450 4112 1513 4188 Est
1528 4123 1653 4187 autem
1668 4113 1748 4182 haec
1768 4101 1847 4178 edi·

71 4300 84 4309 -
238 4205 292 4277 tio
316 4225 392 4301 prae
414 4203 497 4279 aliis
520 4203 696 4281 haetenus
719 4207 879 4302 cognitis
901 4232 946 4283 eo
970 4210 1118 4284 nomine
1142 4211 1324 4309 imprimis
1345 4222 1477 4285 notatu
1498 4209 1628 4305 digna,
1653 4204 1752 4305 quod
1775 4200 1850 4275 sola

238 4302 316 4377 sere
342 4300 606 4387 comestorum,
622 4302 670 4391 .&
689 4302 941 4400 inquisitorum
959 4329 1089 4381 manus
1104 4306 1291 4403 effugerit,
1319 4306 1475 4405 ideoque
1486 4306 1649 4401 integra,
1677 4302 1715 4381 dt
1730 4302 1850 4376 incor-

130 4480 133 4485 ,
240 4413 349 4495 rupta
372 4396 425 4473 sit.
459 4400 598 4487 ¹Quare
620 4423 703 4477 eam
717 4423 862 4498 quoque
875 4404 983 4479 unice
1001 4401 1074 4479 sibi*
1087 4404 1304 4499 sequendam
1320 4405 1429 4479 duxit
1442 4404 1585 4479 Isaacus
1605 4400 1850 4481 casaubonus,
1925 4432 1933 4441 ·

242 4498 331 4571 dum
349 4518 446 4575 anno
468 4518 571 4594 15p4
594 4491 743 4593 Apuleii
766 4500 993 4596 apologiam,
1020 4499 1080 4574 seu
1099 4502 1305 4576 orationem
1321 4503 1592 4598 apologeticam
1616 4500 1744 4579 edidit.
1795 4494 1854 4570 En

242 4594 367 4691 tungrii
389 4592 491 4671 istius
517 4594 639 4674 critici
662 4594 709 4673 de
731 4596 893 4677 editione
916 4596 986 4675 hac
1016 4597 1137 4676 nostra
1161 4595 1358 4695 judicium:
1403 4598 1463 4679 Eo
1486 4597 1581 4681 arabis
1600 4601 1696 4683 unice
1717 4592 1764 4671 ad
1780 4616 1852 4668 ario·

1020 4744 1024 4751 ,
1531 4720 1534 4727 ·
1749 4713 1810 4767 aiis
1902 4750 1907 4757 .
