3892 5182
145 254 204 370 96
325 236 408 257 ”
600 209 602 212 ’
806 219 1128 351 ss

1 485 3 492 '
147 447 254 546 XV,
282 441 503 538 Lattantii
519 435 730 531 Firmiani
765 437 813 547 1)
830 432 955 523 Libri
975 428 1140 547 septem
1152 427 1412 527 Divinarum
1431 420 1784 526 institutionum.¹

261 566 315 673 2)
333 561 470 650 Liber
485 561 538 642 de
557 555 625 642 lra
642 550 745 641 Dei.
797 549 847 664 3)
865 545 937 637 De
954 548 1135 662 opificio
1159 545 1264 643 Dei.
1312 549 1361 662 4)
1382 551 1567 639 Carmen
1585 555 1627 638 in
1646 553 1764 639 diem

261 669 606 765 Resurrectionis
622 666 682 754 D.
699 663 756 752 N.
773 664 809 774 J.
832 664 911 751 Ch.
933 659 1120 775 impteti.
1133 660 1358 751 Ratiockii
1376 691 1452 777 per
1467 665 1621 753 iratres
1646 665 1774 754 Pras·
1816 709 1819 714 ·

261 791 447 921 hyteros
464 782 723 872 &Clericus
744 779 1107 979 ¹congregationis
1135 778 1290 909 domus
1316 781 1469 866 viridis
1492 778 1625 868 Horti
1652 784 1704 868 ad
1721 780 1768 867 S.

262 902 549 996 Michaelem.
583 899 720 984 Anno
751 918 832 1006 147
866 955 875 977 .
901 919 946 978 sn
972 889 1012 978 F
1016 893 1075 978 ol.
1102 918 1207 978 mrn.

110 1087 114 1095 ’
250 1095 533 1184 Praemittuntur
556 1088 712 1165 rubricae
733 1084 794 1160 seu
816 1085 1037 1181 finguiorum
1063 1086 1179 1160 totius
1205 1087 1325 1183 operis
1355 1090 1518 1185 capitum
1545 1087 1663 1172 tituli,
1704 1089 1769 1182 qui

156 1197 401 1275 terminantur
426 1193 464 1264 in
486 1186 611 1263 auersa
631 1185 719 1259 noni
742 1183 822 1257 folii
843 1184 994 1279 pagina,
1022 1183 1118 1257 linea
1142 1209 1198 1258 21.
1269 1184 1308 1257 in
1331 1189 1460 1261 eadem
1491 1187 1610 1261 adhuc
1633 1184 1770 1280 pagina

155 1287 336 1389 incipiunt
356 1287 528 1368 Ladortii
551 1283 719 1360 Firmiani
738 1293 851 1354 errata
899 1282 976 1353 rimi
995 1278 1076 1354 iibri
1096 1276 1212 1376 quibus
1236 1280 1303 1378 ¹ipsc
1326 1280 1475 1381 deceptas
1498 1293 1514 1357 ἱ
1534 1309 1595 1380 per
1618 1284 1768 1377 fratrem

156 1390 312 1469 Antonia
337 1383 529 1483 raudensem
556 1379 742 1477 theologum
767 1378 850 1451 calle
879 1403 900 1450 a
926 1377 966 1454 id
986 1390 1131 1451 exarata
1142 1375 1234 1472 sunt.
1276 1379 1487 1476 Sequuntur
1504 1405 1647 1477 quoque
1668 1402 1770 1455 erro-

156 1512 217 1566 res
244 1488 284 1560 in
306 1485 439 1561 ceteris
462 1481 565 1556 libris
593 1503 615 1554 a
635 1476 824 1553 Laitantio
847 1472 1032 1550 commitis.
1091 1473 1156 1548 Ast
1171 1477 1209 1548 in
1224 1474 1296 1549 fine
1312 1480 1442 1553 horum
1460 1503 1626 1554 errorum
1641 1478 1770 1572 legun·

126 1644 130 1655 ,
157 1599 219 1662 tur
234 1583 417 1671 carmina,
446 1579 577 1678 quibus
598 1574 720 1650 Frater
736 1569 855 1647 Adam
880 1568 1059 1672 Gerruerssts
1080 1574 1219 1669 corripit
1232 1574 1345 1665 fratri
1365 1575 1553 1654 Antionisi.
1604 1576 1662 1652 En
1677 1573 1770 1673 ipsa:

478 1675 548 1753 Hic
573 1672 659 1747 maie
681 1673 843 1769 corripuit
859 1668 992 1770 putidis
1022 1667 1194 1745 Antonias
1223 1672 1309 1784 aufis

518 1770 720 1847 Audacem:
744 1772 779 1842 irs
803 1771 909 1841 uariis
932 1766 1031 1865 causa
1048 1765 1178 1864 pianda
1206 1767 1297 1843 iacrs.

480 1870 564 1947 Non
586 1881 659 1943 erat
684 1870 718 1965 irs
746 1865 888 1939 tenebris
908 1867 1053 1940 errantis
1077 1866 1233 1963 imaginis
1258 1870 1357 1966 astrei.

518 1967 660 2042 Dicere:
679 1963 735 2038 uei
757 1962 898 2037 nitidum
922 1963 993 2037 luce
1020 1986 1133 2037 carere
1161 1959 1269 2039 iubar.

481 2063 616 2161 Deniq3
644 2089 717 2137 arm
734 2060 847 2157 stantis
873 2061 997 2134 ecclerc
1013 2063 1074 2158 pia
1097 2060 1245 2135 lumina:
1270 2064 1387 2163 constet

525 2161 705 2261 Obsequio:
728 2183 772 2232 ex
794 2170 887 2232 tanto
915 2156 1099 2257 corticurffi
1127 2159 1210 2233 vira.

487 2257 539 2334 Tu
565 2284 642 2335 vero
668 2256 795 2353 eloquio
822 2256 940 2354 lingua
971 2253 1143 2330 interditio
1172 2256 1279 2331 iotirso

519 2355 547 2432 I
569 2353 734 2431 cubitum:
761 2379 839 2428 rram
865 2366 896 2427 te
911 2354 1053 2453 perrfitot
1082 2351 1254 2428 eleborum.

162 2457 267 2538 Folio
303 2454 454 2531 tandem
480 2454 647 2550 impreffo
674 2453 893 2528 duodecimo
927 2453 1056 2547 incipit
1093 2450 1361 2526 institutionum
1387 2449 1596 2529 divinarum
1628 2450 1776 2550 primus

162 2557 253 2635 iiber
281 2555 353 2629 fine
373 2553 448 2627 ullo
472 2553 581 2627 titulo
602 2553 722 2627 eidem
747 2548 911 2646 praetixo.
954 2550 1091 2623 Carent
1113 2549 1337 2645 reliquorum
1359 2550 1471 2624 etiarn
1498 2551 1675 2626 librorum
1721 2554 1771 2628 ri·

162 2669 225 2732 rna
250 2653 371 2748 capita
394 2649 532 2735 titulis,
558 2650 620 2745 qni
643 2647 823 2742 capitibus
846 2645 997 2741 reliquis
1022 2645 1158 2741 ubique
1182 2648 1356 2722 adcurate
1386 2647 1465 2739 sunt
1490 2651 1642 2745 praefixi.
1694 2576 1771 2725 iue-

161 2754 243 2829 sunt
262 2750 397 2824 litterae
418 2747 596 2832 initiales,
623 2742 807 2827 custodes,
830 2741 1040 2839 sagnamrae,
1069 2744 1285 2840 paginarum
1305 2745 1459 2819 numeri.
1509 2747 1657 2828 Graeca,
1685 2769 1772 2840 quae
1823 2750 1830 2759 ’

162 2851 203 2927 in
228 2849 287 2923 his
310 2844 413 2920 libris
434 2841 562 2940 saepius
584 2854 800 2916 occurrunt:
829 2839 1062 2952 Typographi
1086 2840 1300 2925 omiserunt,
1328 2839 1449 2914 reliiio
1474 2853 1597 2914 tamen
1619 2842 1678 2914 his
1704 2841 1771 2916 ad·
1806 2884 1807 2887 =

162 2944 360 3024 scribendis
388 2940 500 3037 spatio
522 2963 658 3025 vacua,
686 2937 725 3014 δι
739 2935 920 3033 subjuncta
941 2939 1244 3035 ruterpretatione
1262 2938 1385 3012 latina.
1437 2937 1600 3012 Carmini
1617 2939 1653 3012 in
1669 2940 1771 3014 diem

163 3039 448 3119 Resurreitionis
472 3039 515 3114 D.
533 3037 577 3112 N.
594 3037 624 3135 J.
640 3035 707 3110 Ch.
731 3033 812 3109 haec
833 3033 1014 3132 subjunita
1040 3034 1090 3111 est
1121 3037 1273 3111 notitia:
1316 3033 1482 3108 Firmiarsi
1503 3034 1674 3133 Ladaotij
1701 3039 1773 3111 uiri

158 3147 333 3251 pcellcntis
353 3145 479 3241 ingenii
503 3145 560 3239 qai
583 3142 635 3215 ue!
655 3137 752 3235 fitius
775 3141 862 3214 inter
890 3138 1025 3238 Xpr'are
1041 3141 1213 3246 pseffionis
1230 3141 1411 3240 scriptores
1436 3140 1620 3240 supersistat
1662 3147 1772 3218 nitore

66 3321 71 3327 ,
164 3251 297 3357 qaoda3
322 3248 362 3326 ii
384 3251 496 3347 copia:
520 3244 720 3322 usinallum
743 3246 1264 3346 ea4scquitursacundiostmal
1285 3249 1326 3324 td
1348 3233 1662 3348 lenitate-sermoni.
1700 3252 1772 3326 Di·

164 3357 270 3448 aissa4
290 3349 492 3448 institutioni
513 3341 670 3441 aduersus
687 3355 809 3439 gentes.
871 3343 927 3417 Dc
953 3347 1006 3417 ira
1029 3366 1135 3439 quoq3
1163 3341 1218 3415 dei
1238 3342 1285 3418 ad
1307 3345 1491 3421 Donatuna
1544 3349 1616 3424 Nec
1639 3376 1705 3423 nors
1728 3348 1770 3427 8

164 3451 205 3527 de
229 3449 363 3545 opificio
384 3443 437 3518 dei
458 3442 511 3516 uel
526 3442 729 3536 formatione
749 3438 890 3515 hominis
905 3439 952 3514 od
965 3439 1183 3516 Demetrianri
1196 3441 1327 3540 finiant
1349 3440 1430 3517 libri
1449 3443 1516 3520 Per
1528 3446 1660 3540 fratres
1672 3471 1771 3544 pres·
1808 3469 1813 3479 ’

164 3541 469 3625 preposituras
493 3541 736 3637 cigregationis
757 3537 872 3613 domus
899 3537 1028 3635 viridis
1041 3542 1108 3614 arti
1130 3537 1178 3613 ad
1193 3539 1266 3639 soris
1280 3539 1489 3617 Mcbaeirm
1516 3547 1550 3620 irs
1573 3543 1670 3643 opida
1695 3544 1774 3619 Ro·

156 3642 303 3749 poctcea
325 3641 441 3746 ptium
467 3637 634 3732 inferioris
656 3635 799 3712 Sclauie.
824 3662 851 3741 p
875 3649 913 3708 ut
931 3637 1084 3730 facultas
1104 3636 1144 3713 fd
1162 3637 1321 3738 industria
1348 3641 1426 3715 ratic
1444 3644 1614 3718 eorcndata
1625 3644 1714 3741 fiatis
1728 3641 1774 3720 85

21 3767 27 3779 ·
165 3751 318 3818 accurate
344 3736 492 3831 asstricti.
532 3733 636 3808 Anno
652 3735 891 3808 incarnationis
916 3732 1085 3809 dominice.
1113 3735 1284 3835 miilestmo
1308 3736 1579 3841 quadrigitestmo
1589 3744 1774 3842 septuage-

162 3843 244 3938 pimo
256 3836 366 3934 sexto.
427 3835 520 3906 uinta
544 3831 627 3905 Idus
650 3830 787 3924 Aprilis
811 3831 887 3904 Dea
910 3827 1063 3906 Gratias.
1115 3835 1294 3908 Undecim
1323 3837 1453 3913 abhinc
1470 3843 1577 3914 annis
1594 3846 1771 3921 nimirum

164 3963 247 4014 ann.
269 3938 371 4031 1465.
447 3930 594 4004 aitantii
623 3927 871 4003 institutiones
890 3947 975 4002 curn
998 3929 1100 4003 libris
1119 3932 1165 4007 de
1185 3931 1331 4028 opificio
1353 3936 1390 4013 dr
1411 3937 1466 4011 ira
1489 3940 1558 4014 Dei
1581 3945 1681 4039 typis
1702 3969 1771 4020 ex·

163 4034 256 4112 cusae
278 4031 417 4104 suntin
444 4027 662 4103 Monaiierio
687 4024 895 4113 sublacensi,
934 4048 1017 4122 quae
1050 4029 1198 4124 quidem
1221 4033 1335 4106 editio
1360 4033 1477 4110 exstat
1504 4038 1538 4110 in
1563 4039 1773 4118 Bibliothe-

163 4157 207 4209 ca
222 4132 336 4207 Cann.
356 4127 472 4220 Regg.
490 4124 757 4235 Pollingae,·e0
782 4126 898 4197 rarior
922 4126 1020 4219 quod
1044 4128 1184 4222 primus
1212 4128 1255 4203 fit
1280 4129 1371 4206 liber
1392 4133 1555 4208 initalia
1577 4141 1678 4234 typis
1702 4163 1772 4216 ex.

163 4229 278 4305 cuius.
344 4223 497 4298 Exstant
523 4222 561 4297 da
587 4221 672 4295 alrae
692 4231 786 4294 inter
809 4224 979 4297 undecim
999 4225 1066 4297 hos
1091 4248 1207 4299 annos
1230 4226 1334 4302 saitae
1357 4230 1558 4318 editiones,
1593 4236 1782 4314 nimirum'

53 4409 59 4414 ,
160 4328 340 4401 Rornanae
356 4322 439 4397 duae
458 4341 541 4390 ann.
563 4316 720 4414 rerba&
745 4342 855 4414 1470,
883 4319 1090 4396 &Venetae
1106 4324 1189 4397 duae
1205 4347 1288 4400 aaa.
1315 4327 1479 4425 147ιά
1503 4354 1606 4430 ¹472·
1658 4337 1773 4413 Patet

159 4424 265 4510 iude,
292 4443 365 4518 quo
386 4419 425 4497 in
444 4415 563 4514 pretio
583 4429 663 4494 turn
685 4413 821 4493 fuerint
837 4416 1014 4494 Laiiantii
1040 4441 1164 4525 opera.
1196 4462 1199 4469 ·

1531 4710 1538 4718 .
1588 4622 1713 4718 XVI.
