3892 5182
740 288 1074 415 ἓξὲξ-,-
1656 316 1721 418 se*

87 496 230 601 capiteli-
257 493 432 605 Postuloysi
468 496 510 572 de
536 495 620 592 soro
644 498 838 596 competenti
861 495 1064 574 celeberrimi
1087 495 1180 594 juris
1210 495 1359 597 ultriusqg
1395 494 1711 596 scamellorum

87 596 248 676 Μήλα
270 595 440 671 molarem
463 596 652 693 eoaemplato
676 620 717 670 oc
737 596 869 691 sumpto
894 595 936 671 de
954 600 1062 707 pprio
1086 595 1272 693 exemplari
1297 592 1458 695 originali
1480 597 1570 685 'ipius
1591 600 1624 676 a,
1650 628 1707 697 pe·

86 703 131 773 tn·
158 697 313 772 Bononia
345 691 498 793 impressi
531 693 587 769 lll.
615 684 953 770 CCCCLXXIIII.
1003 693 1172 769 inditione.
1201 693 1346 792 septimo
1382 693 1436 769 die
1471 697 1534 797 ssa
1567 696 1708 798 sabbati

87 791 303 872 XXVIIII.
335 794 449 893 nceasts
482 789 592 867 ollui’.

87 1026 192 1125 ill,
220 970 533 1123 Ilurtlmlomael
568 964 750 1134 Cepolee
779 956 1023 1121 Veronens.
1049 1023 1090 1143 J,
1107 1023 1165 1115 U.
1191 1019 1251 1111 D.
1283 1018 1518 1115 Tradimus
1545 1028 1599 1118 de
1628 942 1706 1124 imi

202 1160 410 1257 peratore
441 1133 638 1225 Militum
674 1137 946 1251 deligendo-t·
1006 1139 1158 1237 Romae
1182 1134 1403 1254 impressus
1441 1133 1539 1231 utin.
1581 1173 1717 1259 1474..

61 1300 64 1305 ·
202 1251 476 1439 inF010V

148 1472 221 1550 'ln
245 1474 369 1550 fronte
393 1469 525 1567 primae
543 1469 690 1567 paginre
712 1469 843 1566 primae
869 1470 999 1545 itidem
1021 1471 1204 1547 columnae
1228 1471 1310 1547 haec
1335 1473 1526 1569 leguntur:
1553 1473 1706 1554 Bortlo·

78 1574 174 1652 lomei
193 1570 320 1671 cepola
344 1567 538 1668 Veroaemfir
561 1565 672 1671 (Jurir
697 1571 850 1663 utriurq3
875 1567 1016 1642 doliorir
1037 1569 1078 1646 di
1099 1569 1274 1645 Aduocoti
1300 1568 1540 1669 Confistorialis
1565 1573 1632 1650 esd
1652 1581 1706 1652 in··

73 1676 100 1778 fi
121 1699 195 1748 mm
217 1672 358 1769 equitem
377 1665 418 1743 di
435 1666 644 1767 esarifflmnm
664 1659 956 1769 Jurifcortlultam
972 1666 1109 1741 domimi
1130 1664 1337 1743 Zachariam
1359 1666 1570 1768 Triuisan'um
1592 1677 1704 1751 oir'om

109 1773 269 1849 olricirrm
291 1767 334 1843 de
355 1762 525 1857 imputare
550 1763 705 1837 Militum
722 1760 873 1860 deligito
888 1761 1098 1840 Prolemium
1114 1767 1262 1861 feliciter
1282 1768 1407 1865 incipit.
1458 1766 1704 1862 Occasionem,

82 1877 257 1977 smgulme
281 1866 352 1949 hoc
372 1861 632 1969 afgumentum
650 1867 918 1964 'pertraliandh
951 1868 1075 1945 auiior
1098 1872 1184 1946 inde
1207 1873 1383 1969 arripuit,
1425 1876 1524 1970 quod
1544 1876 1706 1953 Bartho·
1770 1880 1773 1885 ’
1883 1904 1887 1912 ·

85 1980 237 2054 lomteus
263 1968 453 2047 Colionus'
472 1990 605 2064 genere
628 1964 762 2041 nobilis
783 1966 822 2042 &
847 1965 999 2053 militari
1021 1967 1169 2043 scientia
1193 1969 1317 2066 clarus
1330 1971 1368 2045 in
1387 1985 1521 2047 veneta
1545 1978 1705 2071 republi-

90 2098 129 2152 ta
152 2071 373 2171 stipendium
406 2066 565 2143 militare
603 2086 750 2139 merens
783 2063 932 2139 moleste
960 2067 1090 2151 ferret,
1134 2066 1340 2163 supremum
1367 2071 1489 2144 veneti
1516 2075 1705 2151 exercitus
1771 2110 1775 2115 ·

93 2174 213 2249 ducem
233 2183 404 2245 creatum
424 2162 526 2239 fuisse
554 2162 731 2258 gentilem
757 2162 979 2249 Leonill'am,
1005 2164 1191 2261 nolletque
1215 2166 1336 2239 eidem
1363 2164 1504 2242 subesse.
1567 2168 1705 2255 Gravis

98 2271 178 2344 inde
193 2282 266 2343 orta
292 2264 343 2353 est
366 2260 632 2347 controversia,
660 2282 769 2361 quam
783 2259 939 2337 senatus
962 2262 1015 2334 ita
1035 2261 1186 2357 sopivit,
1212 2277 1253 2336 ut
1282 2284 1409 2339 omnus
1430 2265 1514 2339 loco
1539 2265 1599 2341 suo
1614 2256 1705 2342 conss

109 2368 217 2440 tentos
235 2363 452 2448 reddiderit,
469 2356 792 2457 quemadmodum
821 2357 1009 2452 praesentis
1033 2361 1155 2454 operis
1188 2358 1312 2434 auslor
1346 2361 1385 2433 in
1415 2361 1607 2455 prohemio
1638 2365 1705 2439 ad·
1754 2372 1757 2379 '

107 2461 217 2539 sirmet
264 2464 307 2538 ln
332 2462 403 2536 hoc
425 2460 537 2554 igitur
562 2455 719 2530 traduto
744 2453 868 2529 autior
889 2455 967 2549 agit
990 2456 1034 2530 de
1061 2455 1227 2546 dotibus,
1256 2457 1534 2551 praerogativiS,
1562 2460 1705 2557 obliga·¹

100 2563 239 2638 tionibus
263 2557 422 2657 supremi
453 2555 666 2640 belliducis,
705 2553 751 2627 de
772 2552 884 2626 modo
908 2551 1094 2627 eleltionis
1114 2554 1315 2639 faciundae,
1345 2555 1390 2628 de
1414 2555 1571 2632 aliorum
1598 2559 1702 2635 belli·
1730 2630 1741 2643 „

92 2661 215 2737 ducum
234 2680 327 2755 erga
350 2654 456 2732 illum
478 2651 776 2747 obligationibus.
854 2649 1004 2726 Constat
1038 2649 1228 2725 Tradatus
1264 2651 1407 2747 integer
1437 2653 1539 2729 soliis
1564 2656 1702 2752 viginti

86 2758 158 2847 sex,
180 2778 340 2856 quarum
365 2753 507 2853 quaevis
534 2752 668 2847 pagina
693 2749 732 2823 in
757 2748 849 2823 duas
877 2748 1067 2823 columnas
1091 2750 1206 2824 divisa
1228 2748 1296 2823 est.
1358 2751 1594 2831 Charaiieres
1618 2754 1700 2831 sunt
1788 2776 1800 2801 ¹⁴
1893 2820 1905 2829 .

83 2858 227 2934 romndi
249 2854 406 2931 romani.
467 2849 622 2929 Litterae
645 2845 828 2930 initiales,
857 2844 1081 2941 lignaturae,
1098 2846 1283 2933 custodes,
1310 2847 1528 2943 paginarum
1555 2842 1699 2928 numeri

82 2956 217 3033 desunt.
265 2954 310 3028 ln
335 2951 408 3026 line
434 2949 590 3022 adnexae
618 2942 700 3020 sunt
724 2938 972 3018 conclusiones
998 2945 1241 3040 quadraginta
1268 2943 1328 3017 sex
1358 2969 1405 3019 ex
1435 2944 1601 3021 diilis'in
1622 2962 1699 3022 tra·
1735 2986 1738 2991 ·

76 3055 171 3132 lietu
198 3050 431 3127 resultantes,
482 3041 546 3134 Ad
571 3045 701 3117 lterum
727 3042 867 3115 calcem
890 3063 976 3115 vero
1002 3040 1153 3134 sequens
1182 3041 1315 3115 notitia
1339 3042 1440 3138 typis
1464 3044 1632 3139 impressa
1646 3045 1700 3122 le·

73 3156 199 3253 girum
244 3144 400 3247 Explicit
429 3141 578 3241 stellaris
613 3137 789 3213 Trotlatns
812 3135 852 3210 de
874 3162 910 3209 re
931 3138 1076 3211 militari
1098 3142 1138 3211 cci
1153 3137 1406 3237 'conclafionil,
1427 3138 1536 3235 ejusdi
1566 3144 1602 3215 io
1612 3144 1699 3239 fiae.

76 3248 224 3327 additur
246 3241 348 3347 (fic)
372 3240 480 3318 editas
500 3264 563 3336 per
580 3238 703 3338 somrost
725 3262 824 3309 tntum
854 3234 1003 3331 atriasq3
1034 3237 1118 3308 iuris
1147 3232 1297 3327 doliore3
1322 3234 1489 3309 iuncinum
1513 3237 1664 3313 Baeticos
1685 3282 1701 3300 ·

74 3375 180 3426 mm
202 3340 342 3444 Cepalla
361 3342 514 3420 Veromo
543 3336 680 3435 .Impre
708 3332 788 3433 usq3
809 3331 912 3407 Rome
927 3357 1014 3407 anuo
1027 3331 1153 3409 cirilli.
1173 3328 1511 3408 CCCCLXXIIII.
1537 3333 1701 3431 Regnan-

75 3461 105 3523 te
126 3445 231 3524 Sixto
260 3455 380 3539 quarto
397 3440 495 3541 ponti
522 3462 556 3510 cr
572 3437 720 3509 maximo
744 3430 965 3517 Pontificotrlr
980 3429 1040 3529 firi
1060 3431 1169 3508 Anno
1186 3442 1305 3530 quarto
1319 3427 1486 3529 finitasq3
1507 3427 1561 3505 die
1579 3432 1700 3509 ultima
1857 3478 1860 3483 .

75 3546 183 3655 menss.
213 3537 354 3618 otlolrls
380 3563 467 3615 anno
494 3535 547 3611 elie
566 3534 606 3613 ss
631 3533 707 3649 loco·
724 3529 896 3628 utsupra.
1828 3590 1832 3597 .

79 3772 203 3863 llll.
234 3769 543 3861 Bartholomaei
571 3766 750 3880 Cepolae
777 3761 976 3850 Libellus
1001 3763 1055 3850 de
1073 3757 1382 3850 Contradibus
1410 3710 1701 3874 Emptionum
1814 3720 1823 3727 .

200 3888 244 3973 dr
272 3890 545 3975 locationum
574 3909 672 3967 cum
706 3880 833 3994 patto
874 3882 927 3962 de
967 3903 1055 3963 non
1098 3879 1433 3963 retrovertendo
1470 3874 1698 3979 simulatis,

114 4114 117 4119 .
209 4005 264 4135 ud
287 4000 583 4206 {i'elrmuluum
621 3996 857 4085 Barbarum
891 4011 1101 4079 venetum
1131 3989 1169 4104 J.
1198 3990 1255 4078 U.
1289 3987 1348 4075 D.
1387 3989 1537 4076 Romae
1570 4014 1699 4100 1474,
1785 4028 1790 4037 ·

208 4144 252 4205 m
330 4144 394 4210 0.
682 4150 685 4155 ·
1440 4158 1444 4165 ·

181 4312 283 4411 Opus
305 4311 463 4411 ptaesens
495 4334 541 4384 ex
576 4304 704 4383 eadem
733 4304 978 4402 typographia
1007 4297 1079 4374 sme
1103 4299 1214 4374 dubio
1237 4298 1374 4395 prodiit
1396 4314 1444 4372 ex
1473 4315 1545 4390 qua
1567 4292 1698 4366 imme·

89 4414 182 4488 dicte
204 4413 433 4513 praecedens.
481 4406 580 4481 Sane
602 4404 764 4479 exterior
784 4402 862 4498 ejus
877 4404 997 4476 souma
1012 4397 1063 4474 est
1077 4397 1221 4495 prorsus
1239 4397 1379 4472 eadem.
1420 4388 1569 4468 Constat
1584 4391 1698 4464 etiem

87 4512 237 4587 totidem
257 4509 369 4587 soliis·
388 4503 720 4596 nimirumviginti
744 4501 805 4576 sex
829 4496 1015 4596 impressis.
1083 4496 1124 4570 ln
1153 4494 1226 4571 sine
1250 4489 1419 4592 impressa
1446 4490 1617 4584 leguntur
1647 4488 1697 4559 se·

23 4612 26 4619 '
87 4611 250 4705 quentiae
273 4604 437 4709 Explicit
451 4601 629 4706 scismatis
653 4595 758 4700 (stc)
781 4597 955 4774 ,trititiam
984 4592 1026 4674 ir
1051 4593 1262 4695 stmulotiom
1294 4582 1481 4695 cmlroliur
1508 4581 1617 4779 clytus
1636 4606 1699 4678 per

467 4770 470 4777 .
888 4719 911 4774 2
1555 4702 1647 4754 anro-
