3892 5182
151 306 211 381 aa
303 292 323 349 s
799 263 1124 393 ss

178 486 295 567 sicana
320 482 368 561 ad
390 476 503 555 smem
529 476 639 572 primi
670 472 805 570 capitis
841 496 916 547 non
948 472 1170 569 pervenerit
1232 468 1377 547 Floruit
1408 471 1516 548 initio
1559 471 1655 549 Saec.
1687 471 1774 551 XV.

150 506 228 669 god
249 586 295 661 ab
317 579 462 656 austore
477 576 524 652 ad
539 572 756 689 praesentem
778 568 858 669 ejus
879 571 1002 669 operis
1024 554 1228 647 editioriem
1248 586 1490 647 revertamur.
1543 570 1636 645 Pars
1651 572 1774 670 prima

152 691 248 767 hanc
272 682 312 757 in
333 672 722 769 line-subscriptionem
744 668 913 745 exhibetz
946 666 1106 767 Explicit
1128 672 1240 768 primu
1255 692 1340 767 pars
1358 668 1515 766 sermoni
1528 667 1633 767 super
1653 672 1773 771 episto.

154 789 208 863 lar
227 776 340 858 Pauli.
379 786 416 861 (t
430 771 536 848 Arno
560 768 687 845 domini
712 788 773 845 ro.
795 764 1008 866 cccclxxviii.
1030 766 1084 842 die
1102 769 1180 866 xiij.
1201 763 1380 843 decenbris
1398 768 1454 847 ii.
1514 769 1625 845 Latet
1653 770 1787 868 igitur·

153 888 259 963 locus
288 871 528 972 impressionis
554 869 592 948 dr
615 866 894 965 typographus,
930 888 1042 963 quem
1076 890 1144 943 nec
1176 891 1225 943 ex
1261 868 1386 964 typis,⁴
1421 890 1490 943 nee
1511 866 1596 943 aliis
1622 867 1775 947 ‘mdjcfig

61 970 67 983 ’
154 979 267 1060 ausim
290 971 548 1051 determinare.
600 967 709 1042 Patet
729 978 856 1041 autem
879 989 928 1041 ex
952 963 1227 1062 subscriptione,
1254 979 1397 1062 partem
1412 962 1626 1051 secundam,
1646 962 1671 1041 li
1693 966 1774 1065 post

151 1082 312 1183 primam
329 1071 404 1171 jam
427 1064 596 1145 excusam
620 1063 702 1163 ejus
724 1086 768 1139 ce
793 1075 833 1139 ta
852 1062 903 1139 est
922 1060 1124 1160 impressio,
1149 1087 1247 1139 anno
1266 1063 1416 1160 quidem
1438 1064 1571 1141 eodem
1584 1066 1689 1181 typis
1705 1090 1774 1143 ex.

151 1178 239 1261 cudi
259 1169 419 1269 amplius
444 1166 544 1243 baud
589 1161 728 1239 otuisse.
768 1087 887 1237 i‘orte
910 1174 1038 1274 autem
1060 1159 1214 1239 secunda
1236 1173 1324 1238 ante
1344 1163 1503 1261 primam
1528 1163 1677 1260 prodiit.
1728 1164 1774 1243 ld

152 1291 297 1359 certum
335 1268 410 1359 esti,
444 1188 638 1359 secundam
663 1284 762 1373 unqe
789 1274 982 1373 {4801am
1009 1258 1113 1337 fuisse
1139 1259 1319 1337 excusam.
1393 1259 1489 1337 Nam
1519 1285 1636 1339 unum
1661 1260 1776 1361 liujus

153 1376 281 1555 isli
299 1364 489 1544 litis?
507 1360 840 1555 sibisibi:
859 1355 1777 1543 simiisstlllssallsilbls⁰ssz
1811 1432 1814 1437 ·

153 1572 260 1656 folior
281 1562 457 1660 Augustae
480 1557 761 1635 vindelicorum
782 1555 902 1669 pretio
922 1554 1033 1631 unius
1055 1554 1186 1631 floreni
1207 1579 1305 1631 anno
1333 1571 1424 1654 1480
1453 1555 1703 1655 compararit,
1731 1570 1779 1639 ut

153 1670 228 1774 ipse
249 1687 362 1745 manu
387 1660 448 1736 sua
475 1658 585 1735 initio
612 1654 813 1731 voluminis
836 1651 1031 1751 adscripsit'
1106 1654 1209 1731 Parti
1234 1654 1320 1730 huic
1344 1652 1444 1730 nulla
1466 1655 1612 1754 prorsus
1633 1654 1778 1755 adjesia

73 1786 78 1795 ’
156 1772 207 1851 est
230 1761 452 1858 subscriptio.
531 1757 573 1832 ln
596 1752 669 1829 stne
687 1765 814 1857 autem
833 1749 1010 1829 sermonis
1029 1750 1153 1829 ultimi
1180 1752 1304 1838 auiior
1326 1750 1498 1845 testatur,
1531 1751 1774 1837 sesemnm

153 1870 241 1952 istos
271 1860 408 1939 Crediro
427 1856 490 1933 fibi
508 1854 633 1953 populo
661 1854 702 1929 in
719 1849 966 1929 Bettholdors
981 1853 1162 1954 parauiests
1177 1832 1320 1953 dyicestr
1343 1851 1380 1927 in
1402 1878 1503 1928 unum
1523 1850 1707 1955 colligendo
1731 1850 1776 1935 8

148 1958 358 2074 predicando
386 1952 587 2056 compegiffl.
862 1974 868 1983 ·

153 2150 243 2247 IV.
273 2145 329 2241 L.
359 2136 530 2243 Coelii,
557 2128 630 2223 seu
661 2130 821 2223 cecilii
852 2128 1076 2221 Ladiamtii
1111 2129 1151 2221 F
1155 2130 1323 2223 irmioni
1355 2160 1504 2251 opera.
1566 2131 1782 2239 Venetiirc¹

275 2286 355 2380 per
377 2254 476 2372 Joh.
505 2254 560 2341 de
580 2247 862 2379 Colonia2&
889 2248 988 2362 Joh.
1013 2248 1246 2340 Manthen.
1273 2270 1399 2365 1473.
1426 2251 1473 2340 iu
1497 2248 1602 2347 Fol.
1619 2252 1730 2353 min.
1762 2252 1787 2359 ζ,

317 2455 359 2533 ln
388 2451 512 2529 fronte
541 2446 742 2525 voluminis
773 2446 946 2544 leguntur
974 2445 1149 2527 Rubricae
1174 2445 1397 2543 singulorum
1419 2450 1601 2546 capitum,
1627 2448 1666 2525 in
1715 2462 1781 2545 uad

5 2597 12 2611 ·
48 2562 52 2575 '
141 2557 260 2639 divisi
275 2555 366 2631 'sunt
388 2552 470 2626 libri
493 2547 629 2641 septem
653 2544 946 2630 Institutionum.
978 2568 1141 2621 necnon
1165 2546 1250 2621 libri
1277 2547 1323 2621 de
1341 2548 1411 2641 llra
1439 2550 1530 2631 Dei.
1564 2548 1603 2625 dr
1624 2470 1790 2644 opiicid'

155 2660 248 2744 Dei,
272 2653 374 2731 soliis
401 2649 452 2724 im
479 2642 576 2721 cellis
599 2666 735 2747 novem
757 2640 1037 2747 comprehensae.
1089 2642 1192 2718 Folia
1214 2645 1287 2719 duo
1302 2642 1499 2743 sequentia
1529 2644 1779 2743 complec'tun·

156 2772 220 2835 tur
243 2748 416 2831 meantia·
468 2742 605 2819 irmioni
626 2752 740 2816 errato
761 2742 835 2839 pmi
854 2736 937 2814 libri
961 2738 1020 2842 (dt
1041 2739 1266 2837 sequentium
1291 2741 1352 2818 sex
1373 2745 1551 2820 librorum
1574 2746 1775 2820 Institutio·

157 2842 476 3045 illabili
504 2837 1774 3038 dissimilisrilsllmilsss‘srslslslsls‘b

156 3050 204 3130 N.
228 3047 311 3128 XV.
340 3043 516 3121 recitavi:
544 3037 715 3115 Hicmose
734 3037 805 3116 &o
857 3036 961 3113 Folio
990 3038 1137 3113 domum
1163 3039 1382 3116 duodecimo
1410 3042 1541 3139 incipit
1567 2968 1781 3138 primuini·
1818 3046 1821 3051 '

154 3152 221 3230 ber
240 3145 512 3227 Institutionum
535 3138 763 3225 divinarum,
798 3160 907 3233 quem
930 3136 1121 3233 excipiunt
1144 3139 1275 3235 reliqui
1308 3139 1369 3213 suo
1393 3142 1548 3237 quisque
1577 3140 1708 3216 ordine
1727 3138 1779 3215 li·

156 3250 224 3331 bri.
276 3245 338 3325 Ad
361 3242 501 3319 calcem
524 3237 607 3314 libri
630 3236 772 3332 septimi
798 3236 879 3311 haec
903 3235 1014 3311 verba
1029 3236 1220 3331 leguntur:
1246 3236 1291 3311 L.
1313 3235 1418 3312 Coelii
1438 3236 1588 3313 Lorne
1603 3234 1779 3313 sumum·

157 3347 207 3426 od
225 3344 353 3421 donatii
381 3340 422 3416 de
443 3341 498 3416 iro
529 3333 583 3411 dri
610 3332 696 3411 liber
718 3332 917 3434 septimun-
968 3332 1043 3409 Hic
1069 3356 1158 3409 vero
1183 3335 1230 3409 de
1252 3336 1307 3410 ira
1333 3337 1401 3412 Dei
1430 3337 1524 3413 liber
1545 3338 1584 3411 in
1606 3333 1777 3435 sequenti

182 3446 291 3539 agina
313 3441 443 3539 incipit
467 3436 541 3514 line
562 3434 639 3511 ullo
667 3428 1038 3604 titb¹¹⁰.⁰iff¹.aefi¹⁰’
1079 3431 1251 3529 idemque
1281 3434 1465 3511 clauditur
1492 3434 1564 3512 stne
1588 3435 1674 3511 ulla'
1692 3432 1780 3511 sub·

156 3470 363 3641 leriptione.
428 3538 579 3612 Librum
602 3532 649 3609 de
669 3531 817 3648 opificio
876 3552 911 3607 er
935 3528 1009 3605 sine
1029 3530 1106 3607 ullo
1129 3532 1239 3608 titulo
1260 3533 1400 3631 excipit
1425 3556 1573 3625 carmen
1597 3531 1645 3611 de
1664 3532 1779 3609 Phor·

159 3644 260 3726 nice,
285 3643 345 3714 cui
367 3635 502 3709 adnexi
526 3632 607 3705 sunt
630 3631 702 3706 loct
721 3630 860 3705 duode
890 3632 1041 3715 eodem,
1070 3629 1170 3727 prior
1201 3632 1350 3727 quidem
1372 3658 1419 3709 ex
1445 3633 1552 3711 ovid.
1573 3633 1778 3708 Metamor-

158 3738 256 3840 pbos.
282 3737 361 3811 Lib.
386 3730 468 3807 XV.
495 3729 587 3801 alter
617 3751 706 3804 vero
731 3752 778 3804 ex
811 3727 945 3800 Daritis
977 3727 1123 3802 Inserno
1153 3728 1260 3803 Cant.
1292 3728 1428 3807 XXIV.
1509 3730 1677 3827 Denique
1695 3726 1781 3809 sru'e

65 3880 75 3889 -
160 3839 237 3919 ullo
261 3835 398 3934 pariter
418 3828 546 3911 titulo,
573 3836 638 3898 aut
664 3822 859 3900 interstitio
887 3823 1046 3919 sequitur
1068 3826 1425 3916 carmen-paschale.
1454 3831 1514 3907 cui
1536 3829 1687 3926 sequens
1707 3828 1779 3905 ud·

158 3958 257 4017 noxa
281 3930 331 4010 est
357 3924 582 4023 subscriptio:
611 3920 838 4023 Imprefflrme
887 3918 1054 4019 hocopus
1079 3922 1227 3999 Veneriis
1253 3927 1417 4025 impendio
1446 3927 1636 4028 epuidorum
1656 3927 1781 4003 nitori

158 4032 281 4143 ffolr’ir
302 4029 343 4104 de
370 4027 530 4105 Colonia:
593 4019 675 4097 olr’is
697 4046 720 4119 3
741 4018 826 4097 Mar
914 4018 958 4096 dr
989 4018 1177 4125 Glmtprm
1197 4022 1365 4125 sociorum
1394 4027 1501 4105 Anno
1541 4026 1643 4102 oscas
1665 4023 1780 4101 dorici-

156 4138 239 4213 rrice.
259 4130 315 4207 M.
340 4122 475 4205 CCCC.
501 4122 561 4241 L..
579 4120 661 4197 XV
677 4118 731 4196 ΙΙ.
754 4118 1053 4225 xmp-Augusti.
1126 4120 1224 4200 Laus
1249 4124 1336 4204 Deo.
1414 4128 1489 4208 His
1525 4120 1782 4226 objectarent

161 4232 346 4320 carmina,
372 4247 456 4329 quae
479 4222 696 4319 sequuntur:

459 4318 593 4417 Arguit
623 4318 676 4394 iric
704 4314 838 4394 hominii
850 4314 958 4418 sedus
978 4315 1175 4394 Montius
1195 4344 1305 4400 omues

456 4416 597 4517 septeno
613 4416 726 4516 firlsos
748 4415 860 4493 codice
885 4440 967 4490 uero
986 4413 1115 4492 docens.

398 4526 405 4537 '
451 4516 534 4597 Siue
557 4514 653 4592 deum
673 4526 819 4613 iungat:
842 4512 978 4590 barbato
997 4516 1120 4592 lumine
1142 4541 1277 4597 cerum

449 4614 516 4697 Iro
527 4616 657 4717 saror,
679 4615 817 4719 genitio.
833 4624 997 4719 moror
1023 4614 1102 4693 inde
1126 4611 1227 4725 libro.
