3922 5176
40 2710 43 2719 Ι
160 2635 356 2706 venetam,
384 2630 427 2701 ut
451 2626 539 2692 ante
565 2611 721 2711 mejam
739 2613 887 2689 monuit
905 2613 947 2690 P.
966 2610 1178 2692 Audifsredi

170 298 266 391 94.
340 270 343 277 ’
546 264 565 377 .“
770 254 1139 399 ,ss

103 496 136 591 ‘.
171 464 317 565 rm.
349 462 509 578 Jacobi
538 462 595 553 de
618 460 796 552 Dondis
827 462 953 551 civis
974 462 1019 553 dr
1044 464 1219 559 Medici
1241 463 1435 557 Paduani
1460 464 1633 556 Saeculo
1654 462 1787 561 xlv.

285 579 568 679 celeberrimi,
598 577 915 697 Aggregator‚
954 575 1028 667 seu
1073 608 1187 697 opus
1228 584 1471 688 medicum,
1517 606 1573 671 ex
1606 582 1786 673 diverlis

286 694 539 789 audtoribur,
570 691 831 800 correctum,
872 692 946 781 seu
971 694 1278 815 Aggrrgalum
1315 698 1371 787 de
1402 695 1655 791 Virtutibus
1684 697 1790 789 Me·

286 814 549 918 dicinarum,
580 811 769 899 maxime
793 808 1072 925 simplicium,
1100 836 1194 927 quae
1219 814 1264 901 in
1290 809 1477 902 diversas
1500 808 1648 901 clrlles
1672 813 1789 902 ordi·

260 918 336 1021 'ne
356 924 636 1042 alphabetico
659 916 754 1013 sunt
777 922 1003 1039 dil'pofitae.
1059 924 1266 1021 Venetiis
1284 953 1398 1017 anno
1422 924 1547 1039 1481.
1581 925 1687 1017 Sine
1706 954 1789 1019 no·

282 1066 328 1135 ta
361 1040 643 1157 typographi.
673 1040 721 1129 in
746 1036 852 1129 Fol.

327 1243 431 1354 Opas
457 1237 550 1315 illud
574 1237 613 1313 in
637 1234 780 1313 duabus
801 1235 985 1353 columnia
1027 1237 1197 1353 'imitanti
1229 1237 1370 1349 clmrtae
1400 1239 1608 1354 cbarastete
1634 1239 1790 1355 gothico

164 1334 712 1551 llllltllrtlltffllli
754 1335 880 1511 itit
903 1349 998 1511 llll
1019 1336 1790 1552 filbltbli‘tllllllltllfnllll

165 1542 312 1620 column
339 1536 386 1611 ab
405 1547 513 1649 rmtro
553 1630 562 1647 ·
646 1530 839 1645 leguptur:
861 1528 1096 1649 Aggregaton
1122 1529 1340 1635 Cdprlotrone.
1368 1530 1545 1635 Clarrfflmr
1565 1458 1682 1633 peri
1703 1530 1788 1643 Ja-

164 1636 240 1715 coln'
257 1633 299 1711 de
326 1631 448 1709 dondrs
482 1628 588 1707 clun.
611 1626 742 1728 padum
765 1628 977 1705 Protemmm
1002 1655 1121 1729 opem.
1200 1629 1654 1718 Austorisl'rohemium,
1684 1634 1790 1729 quod

165 1735 381 1815 immediate
407 1727 585 1827 sequitur,
612 1727 803 1824 excipiunt
838 1728 1012 1805 Rubricae
1046 1726 1269 1825 singulorum
1308 1732 1427 1807 totius
1454 1729 1576 1829 operis
1608 1730 1792 1828 capitum.

165 1834 295 1953 litque
328 1832 409 1907 haec
427 1827 594 1943 'quidem'
621 1827 746 1941 omnia
777 1825 858 1902 sunt
877 1850 1012 1975 nove⁹m
1037 1828 1137 1903 foliis
1161 1827 1336 1925 imprelirs
1359 1826 1644 1942 comprehensa..
1678 1826 1807 1955 Folio·

163 1928 333 2117 tili?
350 1922 1072 2135 ldllllllldllblllllb
1091 1926 1397 2139 “bittit
1417 1924 1615 2099 puppsgneg
1633 1926 1788 2099 illd·

157 2130 284 2230 pilula.
362 2126 405 2201 In
427 2122 501 2238 line
524 2119 728 2239 notumne
749 2122 832 2198 lraec
860 2134 1007 2237 tantum
1030 2125 1143 2201 habes
1167 2123 1352 2221 rmprella:
1395 2121 1554 2238 Explicit
1626 2124 1787 2239 ggegatio

163 2225 247 2328 (lic)
269 2223 437 2323 clariffimr
457 2219 574 2295 medan
593 2213 727 2323 Jacob
751 2216 792 2294 de
817 2217 942 2296 dandis
964 2218 1052 2322 (lic)
1082 2220 1253 2299 Paduam‘.
1323 2220 1474 2298 Venetiis
1482 2220 1632 2319 filrciler
1649 2218 1783 2337 rptefflr.

161 2324 269 2405 Anno
286 2320 423 2397 domini.
446 2343 495 2394 m.
509 2318 717 2395 cccclxxxi.
744 2343 782 2393 x.
798 2314 957 2395 kalendas
976 2316 1124 2435 ffatim.
1198 2318 1300 2396 Laos
1328 2318 1400 2395 deo.
1473 2320 1529 2395 Cl.
1550 2319 1591 2395 P.
1610 2320 1719 2395 Larte
1741 2322 1785 2397 in

162 2422 343 2523 Specimin.¹
371 2419 499 2518 Hister.
531 2413 568 2492 T
559 2412 744 2516 ppograpir.
772 2414 871 2492 Rom.
897 2418 1100 2495 editionem
1129 2422 1216 2495 anni
1243 2418 1409 2519 ejusdem
1438 2416 1646 2493 Romanam
1670 2414 1784 2515 hujus

161 2522 285 2619 operis
308 2519 499 2595 excitavit.
574 2516 713 2593 Verum
743 2516 891 2591 videtur
923 2517 1081 2592 nostram
1117 2518 1318 2690 defipnare·
1335 2514 1503 2601 voluisse,
1530 2516 1625 2591 hanc
1646 2538 1784 2614 nempe

1210 2640 1266 2693 oc.
1286 2629 1350 2690 crt.
1367 2638 1449 2714 pag.
1473 2638 1557 2713 241.

159 2838 334 2933 XLlll.
372 2826 551 2923 Nicolai
576 2832 631 2920 de
664 2826 909 2919 Tudelchis
941 2830 1255 2921 commentaria
1283 2832 1329 2920 in
1353 2830 1457 2933 Lib.
1475 2832 1513 2923 1.
1548 2830 1785 2928 Decretal.

276 2950 452 3045 Bafileae
475 2975 589 3035 anno
619 2964 724 3056 1481
759 2943 1037 3061 improbam
1066 2947 1169 3037 Fol.

325 3146 383 3225 De
405 3145 465 3222 hie
493 3144 590 3225 conf.
615 3144 729 3225 Num.
744 3142 900 3224 XXXII.
930 3142 979 3222 ad
1004 3168 1090 3224 ann.
1118 3162 1225 3247 14⁸0.

156 3402 327 3501 mv.
357 3398 559 3516 Baptillae
583 3396 639 3485 de
655 3389 701 3489 S.
717 3389 857 3481 Blasio
882 3387 921 3504 J.
943 3388 999 3478 U.
1019 3388 1078 3479 D.
1102 3390 1146 3481 dr
1167 3382 1423 3479 l'rofelloris
1444 3382 1645 3477 Patavini
1667 3382 1780 3478 Τη-

275 3516 417 3605 clatus
443 3512 622 3627 juridici
650 3512 823 3624 plures,
865 3507 1068 3596 nimirum
1112 3511 1160 3619 1)
1192 3509 1247 3594 de
1271 3502 1512 3617 privilegiis
1538 3502 1774 3591 dotalibus.

274 3636 328 3744 2)
356 3628 591 3719 'fradlatus
616 3646 792 3713 centum
815 3622 1095 3741 qoaellionum
1115 3644 1290 3711 centum
1310 3615 1528 3731 doctrinas
1546 3618 1775 3705 continen-

275 3750 387 3837 tium
406 3749 461 3833 de
480 3738 737 3831 differentiis
775 3738 889 3825 inter
919 3736 1148 3843 arbitrum,
1181 3734 1225 3823 dr
1244 3734 1560 3821 arbitratorem.
1591 3730 1642 3848 3)
1663 3726 1777 3821 Tra-

272 3860 415 3951 d'tatus
454 3861 833 3948 correlatrvorum.
893 3851 943 3965 4)
975 3850 1201 3967 Repetitio
1234 3844 1440 3937 solemnis
1474 3843 1600 3961 super
1635 3846 1779 3962 primo

271 3978 465 4069 Robrica
489 3971 670 4064 decreti.
730 3970 943 4083 lmprellit
962 3962 1185 4057 Erhardus
1210 3962 1393 4054 Ratdolt
1414 3960 1621 4056 Veneriis
1646 3964 1779 4076 1481.

269 4096 317 4187 in
343 4092 450 4191 Fol.
479 4117 622 4205 magn.

317 4289 453 4371 Omnia
478 4287 560 4365 haec
579 4279 750 4383 opuscula
764 4279 894 4358 eodem
914 4278 1139 4367 charaiiere,
1167 4279 1318 4375 gothico
1343 4278 1518 4357 nimirum
1533 4272 1777 4372 pereleganti,
1799 4283 1801 4287 ‘

155 4391 350 4492 eidemque
373 4390 532 4471 chartae,
557 4384 707 4457 omnino
730 4377 1048 4481 praestantiffimae‚
1068 4379 1117 4453 in
1136 4378 1279 4454 duabus
1294 4377 1475 4458 columnis
1498 4371 1664 4471 impressa
1682 4368 1779 4482 ¹sunt.

155 4486 293 4567 Desunt
320 4494 357 4566 in
377 4487 547 4565 omnibus
573 4479 760 4566 custodes,
786 4478 947 4564 numeri,
974 4478 1013 4555 dr
1039 4473 1144 4550 inseri
1171 4476 1292 4553 tiones
1317 4478 1548 4576 paginarum.
1607 4469 1778 4547 lninales

155 4608 246 4665 vero
269 4590 414 4665 litteras
437 4603 592 4683 magnas
618 4578 813 4667 florentes,
837 4575 940 4673 ligno
963 4576 1119 4671 elegan‘
1201 4602 1222 4655 e
1243 4574 1394 4666 incisas,
1419 4575 1457 4655 dr
1478 4569 1683 4669 Egnaturas
1709 4580 1773 4663 ty-

1297 4697 1300 4701 ·
1591 4686 1727 4765 pogra·
