3922 5176
162 521 370 654 xxxttr.
413 523 733 622 Uorabulurius
755 530 1037 648 breviloquus
1074 559 1150 649 eug
1180 542 1279 625 arte
1310 534 1621 655 dipsitibgddi.
1659 556 1789 654 punc·

177 676 181 680 ’
276 644 383 734 'tadi
407 675 421 740 a
449 646 717 748 uccstuandr'.
771 647 1040 764 Bafileaeper
1051 647 1290 741 Nicolaum
1303 648 1462 742 Kesler
1481 653 1669 762 manto
1682 650 1787 743 Ful.

325 841 418 929 Quae
440 841 534 918 tituli
549 841 630 919 loco
653 842 817 932 recitavi,
846 843 1013 941 leguntur
1033 844 1237 924 charastere
1260 843 1455 941 majusculo
1479 845 1640 945 impressa
1659 848 1700 926 in
1719 846 1791 943 pri·

164 951 227 1014 ma
251 936 355 1034 primi
380 940 452 1016 folii
472 942 613 1038 pagina,
663 938 798 1018 Aversa
833 938 999 1037 ejusdem
1035 944 1166 1040 pagina
1199 944 1447 1039 praefationem
1475 946 1647 1022 continet.
1715 942 1789 1044 Ars

165 1034 436 1132 diphtonganti,
463 1035 670 1132 punttandi,
699 1037 738 1114 &
763 1038 996 1115 accentuandi
1017 1039 1108 1114 soliis
1134 1041 1287 1137 quinque
1315 1042 1538 1135 sequentibus
1558 1041 1794 1138 comprehen-

165 1130 272 1211 ditur.
323 1133 424 1208 Folio
448 1133 596 1231 septimo
617 1134 884 1212 vocabularium
901 1136 1025 1234 incipit
1047 1137 1085 1213 in
1111 1148 1185 1212 tres
1208 1152 1327 1235 partes
1348 1138 1516 1224 divisum,
1544 1161 1698 1234 quarum
1719 1139 1790 1236 pri·

165 1248 228 1304 ma
249 1230 492 1327 complesiitur
514 1230 636 1307 ordine
657 1231 881 1330 alphabetico
910 1233 1079 1320 nomina,
1110 1233 1224 1309 altera
1244 1257 1332 1310 vero
1354 1233 1484 1310 eodem
1514 1235 1640 1311 ordine
1664 1236 1789 1320 verba,

166 1326 274 1423 tertia
296 1326 445 1405 demum
468 1340 587 1425 partes
609 1330 777 1404 orationis
798 1328 1071 1406 indeclinabiles.
1133 1325 1198 1406 Ad
1216 1330 1324 1428 hujus
1353 1330 1489 1407 calcem
1515 1331 1661 1428 legitur:
1695 1330 1791 1408 Finit

167 1421 403 1497 vocabulariur
437 1420 655 1518 breviloquus.
690 1426 819 1522 triplici
854 1423 1031 1522 alphabeto
1062 1423 1198 1501 diunrs
1229 1454 1271 1502 rx
1298 1423 1468 1503 autoribus
1496 1444 1554 1503 nec
1582 1440 1626 1503 no
1648 1452 1789 1524 corpore

168 1520 320 1616 utriusqg
343 1522 426 1594 iuris
450 1519 600 1595 colletius
623 1518 670 1594 od
691 1521 800 1597 latina
836 1528 964 1599 amoni
986 1519 1128 1621 capessere
1155 1529 1186 1596 zi.
1208 1525 1402 1622 utiliffinrus.
1448 1522 1625 1622 Impreffur
1659 1524 1791 1623 Bustica

202 1616 533 1714 1Nic01au3Kesur.
560 1615 665 1692 Anno
685 1616 754 1696 unt.
819 1645 925 1694 .cccc.
944 1616 1082 1719 [xxxvj.
1135 1619 1300 1716 Subjetta
1315 1620 1392 1696 sunt
1408 1620 1696 1791 typographiinsr
1746 1622 1792 1698 ia.

152 1637 269 1814 {lpus
293 1716 330 1789 in
355 1715 497 1791 duabus
515 1714 690 1790 colummis
717 1717 1078 1813 gothicocharattere
1098 1717 1317 1814 pereleganti
1339 1718 1475 1795 chartae
1522 1738 1630 1801 rmae,
1652 1717 1686 1792 se
1724 1719 1794 1791 mi·

167 1811 383 1907 duspolitae
404 1808 606 1908 impressum
628 1811 687 1886 est.
739 1812 861 1889 Habet
882 1811 1099 1908 signaturas,
1125 1814 1280 1892 initiales
1303 1817 1462 1901 litteras,
1493 1813 1531 1890 dc
1555 1813 1794 1912 inscriptiones

169 1910 399 2012 paginarum,
429 1930 510 2005 quae
535 1908 682 2004 quidem
701 1917 776 1984 non
798 1910 876 1987 sunt
896 1909 998 1998 aliae,
1027 1932 1136 2007 quam
1164 1909 1246 1987 duae
1276 1915 1410 2010 priores
1438 1911 1569 1987 litterae
1599 1909 1795 1985 vocabulo·

172 2026 255 2087 mm
275 2007 312 2083 in
332 2006 461 2103 pagina
480 2005 603 2101 quavis
625 2008 906 2094 occurrentium,
934 2031 966 2081 e.
982 2028 1017 2104 g.
1045 2003 1144 2099 BA,
1173 2005 1266 2082 DR.
1346 2007 1518 2083 Custodes
1540 2027 1646 2103 vero,
1669 2006 1707 2082 dt
1727 2022 1795 2080 nu·

126 2134 129 2138 ·
173 2104 265 2182 meri
286 2104 496 2202 paginarum
522 2099 655 2177 desunt.
707 2102 755 2180 Se
779 2116 856 2180 tem
881 2102 1095 2179 editioribus
1123 2101 1230 2198 hujus
1254 2105 1467 2180 vocabularii
1491 2102 1582 2178 aCl
1601 2101 1795 2177 Gemeiner
1872 2186 1875 2191 .

172 2225 256 2303 pag.
282 2224 361 2296 191.
390 2198 428 2275 sit
457 2197 727 2315 1924‘ndicatis
754 2127 895 2278 drhaec
917 2199 1052 2289 nostra,
1077 2200 1115 2277 &
1140 2199 1209 2276 alia
1232 2203 1397 2299 quaedam
1424 2195 1644 2276 coloniensis
1665 2199 1797 2290 eodem

172 2320 269 2379 anno
295 2306 398 2393 1486.
425 2294 569 2380 excusa,
593 2292 632 2371 dt
656 2322 679 2374 a
696 2296 891 2374 Maittairio
911 2296 1015 2370 Tum.
1032 2294 1059 2372 l.
1073 2309 1163 2395 part.
1180 2322 1214 2373 2.
1229 2324 1309 2397 pag.
1326 2316 1414 2396 480.
1434 2307 1718 2372 commemorata
1733 2295 1797 2370 ad·

151 2395 212 2481 ,d
231 2393 428 2492 pomissent.
481 2391 559 2467 Nec
586 2392 693 2480 abus,
720 2406 851 2492 praeter
878 2391 1157 2490 Weistngercm
1177 2394 1242 2488 (in
1260 2393 1523 2475 Annamentar.
1547 2390 1690 2470 Cathol.
1714 2413 1797 2490 pag,

176 2489 288 2593 360.)
317 2492 520 2570 editionem
534 2488 691 2573 nostram
714 2491 887 2570 excitavit
909 2486 1200 2590 Bibtographus.
1672 2508 1675 2512 ’
1790 2504 1794 2511 “

180 2723 389 2843 XXXIV.
423 2743 619 2838 Homrlic
643 2740 933 2869 Chrysoslomi
948 2743 1086 2869 super
1109 2742 1335 2859 Uolcani.
1399 2746 1599 2867 Colonia
1624 2749 1740 2868 apud
1756 2746 1801 2837 S.

276 2862 585 2956 Laurentium
616 2862 742 2975 1486.
771 2864 816 2963 in
837 2862 943 2951 Ful.
1068 2884 1088 2957 ’.
1634 2886 1641 2893 ·

293 3108 297 3115 ·
332 3061 465 3159 ,Verba
486 3057 580 3135 timi
602 3055 684 3169 loco
705 3053 854 3168 recitata
875 3052 1044 3169 legunmr
1063 3057 1218 3170 gothico·
1233 3056 1435 3171 obarastere
1451 3055 1644 3170 majusculo
1661 3035 1809 3172 impres·

183 3154 221 3237 sa
243 3155 280 3233 ln
303 3158 418 3255 prima
438 3157 541 3254 primi
563 3156 637 3231 foln
659 3176 800 3253 pagina.
858 3149 958 3231 Foho
980 3152 1131 3231 secundo
1151 3167 1275 3251 merprt
1296 3157 1443 3231 editorrs
1467 3155 1646 3254 praelatio,
1676 3175 1716 3230 tn
1738 3173 1808 3248 qua

142 3296 144 3300 ·
184 3255 232 3332 de
253 3277 298 3330 eo
319 3253 533 3353 potiffimum
557 3252 666 3329 lestor
692 3263 878 3336 monetur,
909 3250 1024 3351 ipsum
1048 3250 1088 3327 S.
1107 3250 1184 3350 Joh.
1202 3249 1493 3351 Clrrysostomum
1522 3250 1595 3325 alia
1616 3250 1717 3326 usum
1740 3244 1809 3323 erse

183 3349 362 3466 scripturae
377 3350 551 3438 versione,
574 3371 683 3449 quam
697 3370 779 3448 quae
797 3360 876 3425 tum
891 3347 1264 3448 quidemeratinusu,
1290 3348 1635 3461 vulgatanimirum.
1661 3359 1703 3422 ut
1718 3342 1811 3431 adeo

186 3468 301 3560 vanae
309 3449 480 3563 lettiones
491 3448 691 3562 interpretis
705 3448 764 3524 vel
778 3447 1008 3561 negligentiae
1020 3448 1079 3561 vel
1088 3447 1298 3557 ignorantiae
1309 3445 1456 3560 adscnbr
1465 3470 1546 3557 non·
1565 3444 1681 3557 'olsmt
1703 3442 1811 3537 Hanc

187 3541 1511 3742 ...nutumfavamma
1530 3540 1815 3753 ..autu
1925 3719 1929 3730 ,

189 3742 269 3820 cisci
291 3739 463 3825 Arretini.
503 3741 730 3838 interpretis,
757 3739 805 3818 ad
828 3740 997 3817 Cosmum
1025 3738 1193 3817 Medicen
1214 3739 1406 3815 terminata
1433 3740 1471 3814 in
1518 3758 1608 3848 mna
1629 3736 1703 3848 solu
1725 3733 1845 3837 duo·⁴

190 3840 324 3916 decimi
344 3841 529 3926 columna,
555 3840 651 3915 linea
669 3863 702 3935 4.
751 3839 845 3916 Tum
864 3839 1071 3917 immediate
1089 3837 1241 3935 sequitur
1253 3830 1439 4013 {ohannis
1464 3761 1670 3935 Cllrrsostomr
1689 3839 1817 3943 comerr-

190 3939 275 4014 turii
290 3938 393 4035 super
409 3936 504 4012 totis
526 3934 698 4034 euangelio
717 3937 887 4034 prologus.
938 3937 1030 4014 Tam
1048 3934 1252 4033 prologusi
1281 3958 1320 4033 e,
1353 3956 1462 4032 quam
1488 3929 1673 4030 sequentes
1701 3929 1820 4005 homa·

190 4035 270 4121 tiae,
298 4039 349 4111 uti
372 4034 618 4134 praecedentes
643 4032 799 4121 indices,
829 4035 907 4110 sunt
931 4037 1077 4131 gothico
1104 4032 1303 4110 citaratlere
1326 4031 1470 4134 firmae,
1489 4027 1549 4103 sed
1570 4028 1688 4140 minus
1709 4024 1821 4134 albae,

190 4158 237 4213 ac
257 4136 377 4230 politae
406 4136 540 4211 chartae
564 4135 600 4210 'tn
622 4131 759 4207 duabus
786 4132 963 4208 columnis
985 4134 1034 4207 im
1060 4128 1171 4205 ressae.
1248 4129 1350 4206 Folia
1369 4128 1452 4204 inde
1478 4149 1501 4201 a
1521 4127 1605 4202 sobo
1632 4122 1822 4232 undecimo

192 4247 381 4309 numerata
406 4231 501 4314 sunt,
535 4255 618 4328 eg.
646 4227 709 4309 Fa.
724 4229 749 4304 ἰ.
770 4229 832 4307 llo.
859 4230 993 4308 lxxxi.
1036 4153 1191 4320 lagtnae
1214 4228 1284 4303 hoc
1308 4226 1367 4302 vel
1395 4223 1496 4335 simili
1519 4222 1628 4298 modo
1649 4218 1822 4313 inscnptae

192 4329 272 4406 sunt
300 4327 432 4424 Capita.
460 4325 586 4440 decirnri
607 4326 677 4427 (ic.
700 4329 878 4441 evangelii
900 4323 938 4402 S.
956 4255 1156 4440 sobannis)
1182 4321 1235 4401 bo.
1262 4321 1327 4403 lix.
1378 4322 1751 4428 signaturaquuoque
1765 4327 1823 4422 tyj

192 4419 1326 4620 certitu,dn¹t.,..¹a⁰taneatatt.tat...
1341 4413 1628 4608 tantan
1645 4422 1827 4614 vastat:

200 4615 422 4722 chrysostomi
435 4595 542 4719 super
569 4617 742 4719 euangelio
763 4619 943 4729 Joiuuois
972 4618 1108 4699 Colonia
1139 4614 1232 4718 opud
1251 4610 1370 4717 sortiri
1397 4609 1598 4690 laurentium
1620 4597 1828 4781 immissi&
