3892 5182
145 315 211 431 u
338 310 342 317 ’
585 362 588 366 -
802 283 1124 437 ss

151 492 234 584 Tb'i.
269 491 465 585 Decreta
494 489 768 595 Batileensir,
789 486 836 577 iic
862 491 1161 596 Bituricenha‚
1197 514 1290 606 quae
1318 478 1593 610 Pragmatius
1629 496 1788 613 nespel-¹

271 616 434 714 ‘lanun·,
466 606 573 720 jussu
597 609 745 693 Caroli
763 602 867 694 Vll.
902 603 1098 694 Frurrciae
1119 606 1248 715 Regis
1277 603 1478 720 Biturigis
1504 636 1616 699 aimo
1652 626 1782 723 [4538.

274 728 415 830 edica,
446 723 488 812 &
515 748 614 817 curn
639 717 897 833 amplissimis
924 720 1259 810 Commentariis
1279 717 1447 810 Colmae
1464 723 1678 838 Guyurier
1696 728 1785 817 imss

272 837 409 956 prelia
430 836 634 951 Lugduni
662 854 787 943 1488.
818 838 862 921 iu
881 863 924 945 4.

319 1066 362 1143 ln
386 1065 504 1145 aversa
522 1063 625 1164 priori
646 1060 723 1138 'lolii
745 1062 877 1159 pagina
895 1061 1095 1162 interpretis
1118 1064 1280 1164 praesatio
1305 1060 1445 1160 legitur
1479 1063 1596 1141 -Folio
1624 1063 1780 1145 secundo

159 1186 252 1262 opus
273 1163 384 1262 ipsum
405 1167 539 1261 incipit.
618 1161 770 1235 Decreta
790 1161 990 1237 charaiiere
1012 1184 1144 1258 magno
1171 1164 1316 1259 gothico
1340 1162 1494 1256 eleganti
1515 1162 1778 1253 &lucidentur

154 1264 416 1341 commentaria
433 1265 569 1338 minuto
587 1259 784 1335 admodum
808 1257 846 1333 dr
866 1261 986 1352 gracili
1007 1258 1167 1357 impressa
1187 1260 1275 1339 sunt.
1324 1260 1483 1334 Decretis
1510 1259 1591 1356 ipsis
1611 1262 1781 1341 concilia·

155 1362 259 1436 ¹ribus
281 1358 494 1457 praemissum
517 1358 566 1435 est
588 1357 771 1431 decretum
793 1357 913 1431 Caroh
927 1354 1004 1432 Vll.
1030 1359 1126 1454 quod
1145 1359 1357 1433 terminatur
1375 1358 1412 1430 in
1432 1357 1546 1452 prima
1646 1360 1704 1432 ina
1727 1361 1780 1437 so·
1817 1376 1820 1383 '

162 1456 200 1531 lii
227 1483 285 1556 17,
312 1455 435 1554 signati
455 1483 519 1530 cr.
571 1457 610 1529 ln
631 1454 752 1529 aversa
773 1456 903 1551 pagina
918 1451 1083 1550 ejusdem
1104 1454 1178 1529 folii
1197 1456 1326 1551 incipit
1351 1453 1544 1529 Decretum
1600 1454 1779 1532 curtare·-

163 1564 231 1628 iutr
250 1553 289 1630 δ’
307 1560 456 1651 potestate
471 1554 597 1652 socro4
619 1551 767 1646 grinlium
785 1552 924 1647 corilio4
938 1551 1005 1626 dre.
1056 1552 1282 1646 Signaturas‚
1304 1550 1341 1625 dr
1361 1552 1570 1647 plerumque
1588 1554 1699 1627 etiarn
1716 1556 1782 1639 ini,-

163 1652 266 1725 tiales
290 1653 408 1727 literas
435 1674 563 1749 parvas
587 1650 834 1744 typographus
868 1648 1013 1723 ad'eoit.
1074 1648 1207 1724 Defrrnt
1235 1672 1321 1721 vero
1346 1648 1529 1733 custodes,
1560 1651 1713 1734 numeri,
1740 1649 1780 1727 dc

163 1746 400 1846 inscriptiones
424 1750 641 1847 paginarum
723 1747 763 1820 ln
782 1746 851 1820 line
867 1767 915 1821 ro
928 1745 1060 1821 umirris
1081 1745 1142 1820 seu
1157 1742 1210 1821 ad
1227 1746 1367 1823 calcem
1388 1747 1517 1844 primae
1545 1747 1685 1844 paginae
1706 1746 1781 1825 lolii

162 1844 253 1924 sexti
274 1850 513 1945 quaternionis
534 1845 568 1918 G
593 1843 740 1938 sequens
759 1841 893 1939 legitur
911 1840 1126 1941 subscriptio:

559 1938 698 2015 Finierat
738 1937 873 2014 decretu
912 1937 1094 2040 bufilirustu
1135 1936 1176 2016 δ’
1216 1933 1388 2015 bituricen

464 2125 467 2130 ι
555 2033 697 2133 lindie)
723 2045 790 2133 qud
807 2039 1054 2134 pragmaticam
1076 2051 1195 2112 vocant
1215 2038 1393 2145 glosarog

552 2136 741 2234 magistrum
802 2133 921 2232 Cosmi
980 2136 1132 2232 gaymier
1182 2137 1220 2210 ia
1274 2148 1372 2229 utroq

554 2236 624 2307 iure
638 2233 845 2306 iiceaciuium
854 2231 895 2309 Θ
906 2233 1047 2330 lugdoni
1056 2231 1141 2332 (sic)
1155 2236 1189 2309 iu
1198 2161 1396 2334 preffnffrci

550 2326 660 2406 Anno
679 2325 752 2405 diii.
777 2327 834 2405 M.
849 2356 932 2404 cccc.
950 2332 1116 2429 lxxxviii.

165 2425 205 2502 In
233 2421 352 2500 auersa
378 2423 507 2523 pagina
530 2424 695 2524 leguntur
719 2424 864 2503 Rrrbrice
888 2453 956 2525 pru
980 2429 1108 2503 murice.
1171 2426 1241 2503 His
1264 2421 1413 2522 subjetra
1433 2422 1508 2502 sunt
1532 2423 1677 2521 insignia
1701 2430 1831 2526 qu*

165 2522 275 2599 literis
299 2522 315 2595 l
336 2523 373 2599 dt
396 2523 429 2597 G
453 2527 686 2624 typographi,
714 2539 780 2602 aut
796 2456 1009 2624 Bibliopoiae
1032 2550 1163 2602 nomen
1187 2527 1402 2620 exprimunt.
1450 2524 1604 2598 Decreta
1620 2516 1831 2620 haecfisubfl

164 2623 328 2702 nomine,
356 2619 489 2696 Suuiiio
515 2622 759 2719 Proguruticu.
778 2622 858 2698 satis
882 2639 970 2697 nota
992 2623 1071 2697 sunt
1085 2623 1342 2697 eruditioribus.
1395 2621 1488 2697 Haec
1509 2642 1594 2695 uero
1620 2618 1831 2705 editicii!

163 2714 237 2813 ipsa
265 2717 382 2791 Gallia
403 2718 521 2791 minus
548 2722 688 2813 cognita
712 2717 779 2792 esse
800 2721 950 2794 videtur.
1003 2719 1059 2793 Cl.
1082 2719 1135 2793 De
1150 2717 1250 2792 Bure
1273 2720 1310 2791 in
1328 2714 1581 2815 Bibliogruphir
1597 2715 1785 2816 Injlrud'iue
1803 2726 1831 2757 ⁴

166 2837 247 2888 eam
271 2838 341 2884 nm
365 2815 547 2889 excitauit.
613 2817 794 2892 hlaittairc
816 2813 921 2895 Toni.
938 2816 965 2897 Ι,
983 2838 1065 2913 pag.
1086 2841 1167 2909 500.
1196 2809 1275 2909 ejus
1298 2818 1520 2890 mentionem
1544 2814 1632 2888 fecit
1655 2814 1714 2890 sub
1734 2814 1784 2891 ti·
1825 2842 1831 2855 ·

167 2910 264 2985 tulo:
291 2908 487 3008 Bufilienstu
509 2910 674 2997 Decreta,
696 2935 769 3007 quu
793 2917 1006 3009 pragmatico
1031 2915 1252 2987 nourinuutur.
1281 2910 1444 3008 Lugduni
1478 2927 1581 3005 1488.
1649 2912 1831 2997 ludent„

169 3029 253 3082 uero
269 3009 412 3083 innotis
427 3034 461 3084 n.
479 3034 513 3103 5.
533 3035 581 3086 ex
595 3011 738 3086 Simlen'
752 3011 976 3089 Bibliotheca
997 3036 1129 3086 nornen
1145 3012 1448 3086 Commentatoris
1473 3006 1635 3106 Grrymier
1646 3010 1831 3106 expres-⁶

110 3160 113 3165 -
167 3104 207 3181 ht
229 3127 291 3201 per
310 3100 474 3182 Grimier.
553 3108 699 3184 Orlandi
720 3109 873 3185 eandem
896 3111 1090 3184 editionem
1114 3106 1303 3202 designasse
1323 3109 1480 3194 videtur,
1515 3108 1576 3183 ubi
1595 3129 1680 3204 pag.
1706 3124 1831 3210 184...

161 3205 351 3278 excitavit:
380 3201 523 3278 Decreta
540 3204 735 3305 Bufilicnfiu
758 3206 826 3295 (hc
845 3207 954 3282 habet
975 3209 1087 3282 etiarn
1102 3207 1137 3279 in
1157 3205 1274 3279 indice
1295 3229 1376 3302 pag.
1400 3202 1512 3302 325.)
1533 3225 1604 3299 quur
1619 3231 1690 3304 pru
1717 3230 1831 3287 m

168 3300 236 3472 {ign
258 3302 469 3473 oppheltlnntur
495 3317 596 3400 1488.
660 3303 764 3380 Patet
785 3302 1049 3401 Bibhographis
1075 3302 1148 3378 istis
1170 3303 1290 3378 nunus
1314 3305 1495 3400 cognitam
1514 3301 1611 3380 fusse
1630 3328 1681 3382 no

64 3433 68 3439 ·
219 3421 311 3473 nce
365 3421 498 3476 ionem.

163 3674 275 3769 llll.
310 3673 496 3812 L‘eiiurr
510 3677 647 3801 super
673 3685 843 3778 Corone
867 3681 983 3806 mrffl
1001 3686 1048 3777 in
1069 3689 1200 3779 aima.
1214 3683 1488 3802 oatoerfirau
1518 3680 1792 3815 Tuwiugeuss

286 3796 509 3884 ordinario
538 3800 657 3889 setin.
717 3801 1016 3891 Haec'tantum
1041 3806 1239 3915 leguntur
1266 3808 1313 3892 in·
1340 3806 1477 3917 prime
1521 3807 1650 3922 primi
1687 3804 1786 3902 sulii

285 3911 455 4023 pagina.
512 3912 750 4028 lleurlingae
778 3941 858 4032 per
885 3916 983 4029 joh.
1000 3917 1155 4005 Otmar
1181 3944 1304 4031 1433.
1332 3919 1376 4007 in
1402 3914 1443 4006 F
1446 3919 1504 4007 ol.

330 4104 380 4177 ln
418 4109 532 4203 prima
568 4111 643 4186 solii
678 4110 819 4187 secundi
855 4114 1020 4190 columna
1052 4115 1191 4192 uberior
1215 4114 1344 4209 legitur
1363 4112 1409 4189 de
1427 4115 1498 4189 hoc
1520 4140 1543 4191 o
1568 4139 1628 4193 ere
1652 4118 1786 4197 moliti«.

170 4203 345 4307 Diluirrrus
367 4226 413 4277 ex
436 4207 583 4291 eadem,
613 4208 816 4284 Gabrielem
840 4211 921 4284 Biel
950 4209 1016 4286 else
1040 4214 1184 4307 quidem
1212 4210 1307 4305 ejus,
1333 4222 1375 4285 ut
1390 4235 1491 4301 ‘nunc
1511 4137 1607 4290 edita
1636 4216 1707 4302 eli,
1727 4240 1786 4291 an·

165 4302 320 4402 ctorem:
344 4299 502 4375 eundem
526 4317 649 4399 tamen
671 4307 836 4401 pleraque
849 4305 1022 4381 mutuasse
1036 4332 1083 4381 ex
1105 4308 1384 4404 praeleiiionibus
1407 4308 1582 4405 Johannis
1600 4310 1787 4409 liggelingl

170 4394 472 4497 Drunswi-censrs,
502 4401 561 4493 qui
588 4423 650 4474 eas
672 4403 870 4495 Mogontia
889 4403 1117 4498 praesentibus
1142 4406 1286 4479 Clericis
1311 4405 1444 4479 habuit.
1503 4406 1548 4481 'ln
1572 4409 1704 4486 eadem
1729 4432 1788 4485 oo·

172 4489 294 4598 lomna
316 4491 481 4568 Praefatio
498 4496 643 4591 incipit,
669 4500 859 4574 terminata
882 4501 917 4572 in
942 4512 1066 4591 quarta
1089 4502 1255 4576 columna
1276 4500 1351 4574 solii
1372 4502 1480 4576 tertii.
1546 4504 1648 4579 Folio
1666 4518 1787 4603 quarto

171 4599 295 4682 mcrptt
331 4583 461 4667 Tabula
489 4603 737 4680 contentorum,
779 4594 837 4670 seu
862 4593 1075 4691 smgulanun
1107 4597 1231 4678 adine
1266 4595 1457 4677 lethonem
1492 4600 1611 4682 brevis
1638 4602 1789 4681 surum
