3892 5182
660 364 664 369 .
819 280 1143 404 ἐξ
1719 314 1787 377 xv

178 483 308 601 inepte
331 478 601 577 Incunabula
635 479 969 611 Tppograpiricn
996 491 1206 605 adpellari
1231 488 1314 604 (its
1339 486 1447 586 eben
1470 486 1518 599 st
1543 484 1785 600 tttttsdnsg,
1864 606 1869 615 Ι

175 633 238 727 ost
267 648 400 727 toron
438 649 545 727 runo
585 628 763 732 itroire
797 637 846 733 tn
880 633 959 736 ta
996 632 1158 751 wisent
1204 632 1330 747 tart
1371 632 1566 748 stragia
1606 649 1784 729 arnaco

169 766 356 881 siesse.)
439 765 548 860 Haec
573 773 709 863 verba
731 771 826 865 sunt
855 772 1082 881 Censoris,
1118 776 1277 881 ouibus
1299 776 1393 867 veri
1420 776 1585 893 aliquid
1620 769 1783 865 subesse

165 938 291 1003 nemo
318 909 475 1005 dotius
497 906 661 1043 'negare
696 918 879 1032 poterit.
935 918 1101 1011 Libros
1125 922 1312 1040 quippe,
1338 920 1384 1009 in
1410 921 1513 1008 ortis
1547 914 1782 1033 Typogra·
1864 1020 1869 1031 Ι

158 1046 298 1163 phicae
320 1045 597 1140 incunabulis
620 1046 847 1171 impressos
863 1055 917 1145 ab
935 1055 1210 1148 incunabulis
1227 1055 1326 1175 ipsrs
1345 1051 1517 1145 differre
1538 1048 1672 1143 facile
1688 1076 1781 1140 om·
1840 1150 1846 1175 -.

155 1214 228 1279 nes
252 1188 512 1306 largientur,
546 1196 625 1311 qui
653 1196 879 1306 aduncis,
909 1194 1205 1304 Incunabula.
1238 1196 1559 1310 etymologiam
1581 1186 1781 1307 respexe·
1850 1252 1868 1277 .-

152 1330 248 1421 rint.
311 1332 481 1425 Verum
504 1335 549 1425 id
576 1362 754 1456 quoque
776 1357 944 1430 certum
971 1340 1053 1447 est,
1079 1337 1299 1430 vocabula
1322 1361 1378 1430 ex
1398 1333 1474 1426 usu
1497 1333 1778 1455 loquentium
1788 1365 1879 1481 ψ

154 1472 287 1585 longe
312 1474 426 1563 elios
450 1473 669 1568 interdurn
698 1476 888 1571 nancisci
909 1479 1192 1595 significatus,
1224 1505 1354 1596 quam
1371 1481 1445 1597 qui
1463 1478 1585 1594 ipsis,
1614 1472 1879 1601 speetu-⁶355,

153 1630 195 1701 ta
219 1636 376 1703 eorum
403 1613 591 1728 origine,
627 1635 760 1733 atque
775 1617 1074 1732 etymologia,
1109 1596 1428 1732 competunt's
1445 1614 1583 1707 Porro
1605 1613 1879 1735 ignorum

154 1778 197 1847 te
222 1782 317 1847 non
347 1759 496 1872 potuit
520 1752 685 1848 Censor
707 1754 925 1871 Jenensts,
955 1757 1024 1848 vir
1051 1753 1338 1866 dosiiffimus,
1367 1756 1413 1846 ὅτ
1438 1757 1483 1846 in
1507 1754 1594 1844 hoc
1612 1779 1775 1865 genere
1796 1764 1879 1855 ,κιῖίέ

157 1892 402 2006 literaturae,
428 1894 584 2013 etipsa
609 1895 825 2021 Fasciculi
840 1902 928 1991 mei
944 1901 1074 2017 primi
1096 1899 1289 1992 recensio
1311 1896 1641 1999 commonstrat,
1677 1920 1775 1985 ver·
1798 1900 1872 1995 aba

165 2030 395 2142 sotiffimus,
440 2031 705 2148 asexaginta
726 2034 817 2148 jum
842 2034 937 2126 fere
967 2037 1090 2127 annis
1119 2062 1143 2125 a
1169 2031 1418 2125 dotiiffimis
1448 2029 1775 2147 Bibliographis
1809 2078 1879 2119 o...

163 2172 285 2263 toros
321 2169 484 2265 Seruio
511 2165 636 2282 XV.‚
679 2173 880 2265 &initio
913 2167 1040 2267 ΧΠ.
1071 2170 1296 2290 impressos
1323 2171 1594 2265 lurunabulo
1633 2167 1675 2260 Τ
1667 2197 1774 2292 ppo·
1804 2157 1879 2248 ..tt

175 2317 368 2438 graphica
391 2318 615 2434 adpellari.
684 2318 896 2408 Putabam
928 2319 1079 2432 igitur,
1108 2319 1270 2407 eodem
1302 2318 1430 2430 hujus
1464 2317 1594 2408 vocis
1619 2315 1774 2431 signiti-
1804 2274 1877 2369 i*

181 2481 276 2572 cun,
302 2487 419 2552 nunc
443 2460 621 2578 quidem
637 2459 843 2552 ¹civitatis
862 2458 961 2574 jnre
985 2463 1173 2568 donato,
1198 2458 1305 2547 mihi
1327 2461 1599 2578 quoquepti
1619 2460 1773 2553 licere.

339 2678 745 2783 'ADPEme
790 2686 893 2783 AD
936 2688 978 2780 F
988 2686 1558 2786 AsclcULUMtl.

165 2858 218 2940 'Ad
229 2890 310 2969 pag.
327 2880 384 2952 ιε.
414 2862 462 2938 de
486 2862 631 2941 Ludov.
661 2864 913 2962 Hohenwang
938 2867 1045 2965 plura
1068 2866 1148 2943 dixi
1169 2864 1266 2941 infra
1287 2864 1334 2943 de
1358 2864 1464 2944 libris
1489 2876 1577 2942 notu
1598 2866 1686 2945 anni
1708 2889 1770 2943 ca·

409 2992 577 3069 rentibus
601 2991 650 3068 ad
671 2992 724 3069 N.
743 2992 875 3071 CXIV.

166 3165 219 3247 'At
232 3196 311 3273 pag.
330 3197 387 3249 20.
415 3172 539 3250 Libris
566 3168 681 3249 Anno
706 3195 799 3274 1477
831 3164 1008 3275 impreffis
1037 3164 1249 3248 addendum
1272 3168 1325 3248 est
1350 3192 1444 3271 opus
1467 3169 1640 3291 sequens,
1671 3194 1771 3249 nunc
1864 3218 1870 3238 ·

411 3299 573 3397 primum
599 3310 806 3399 repertum:
889 3307 895 3314 ’

168 3446 290 3557 nor·
311 3476 490 3578 johannis
511 3475 677 3559 Andreae
698 3479 926 3571 Quaeorones
941 3476 1182 3554 Mercuriales
1205 3475 1308 3575 oper
1327 3472 1467 3575 regnos
1486 3474 1598 3576 Juns.
1647 3473 1771 3559 vene-

408 3599 473 3676 tiis
492 3599 672 3698 impressae
696 3623 762 3699 per
783 3595 972 3677 Adamum
993 3597 1159 3675 Rotweil
1184 3619 1290 3698 1477·

177 3882 180 3891 Ι
297 3777 401 3880 Opus
420 3777 511 3866 hoc,
538 3779 644 3882 cujus
674 3780 875 3859 editionem
903 3776 1014 3855 aliam
1034 3778 1198 3879 priorem
1210 3776 1266 3855 ‘ad
1289 3801 1428 3856 annum
1453 3801 1559 3881 1475.
1590 3779 1638 3857 N.
1653 3780 1770 3859 XVII.

167 3900 339 4007 setensui,
370 3903 421 3981 est
441 3905 593 4001 gothico
610 3905 817 3983 charattere
829 3905 1056 4005 pereleganti
1071 3906 1110 3981 in
1125 3903 1267 3980 duabus
1282 3904 1464 3982 columnis
1481 3904 1708 3995 firmissrmae,
1731 3930 1775 3984 ac

166 4024 456 4125 prestantissimae
472 4027 612 4106 chartae
628 4025 847 4127 impressum.
883 4027 996 4103 Caret
1011 4026 1213 4104 initialibus
1231 4027 1388 4111 litteris,
1403 4024 1631 4111 custodibus.
1647 4051 1776 4105 nume·

161 4145 576 4245 rit‚&intcriptionibus
593 4147 828 4246 paginarum,
845 4144 956 4221 habet
971 4167 1060 4221 vero
1075 4130 1277 4256 srgnaturaa
1292 4146 1338 4221 ab
1356 4166 1432 4221 a·
1447 4166 1484 4243 q.
1534 4146 1646 4229 Circa
1659 4146 1774 4226 finem

163 4270 339 4351 columnae
357 4270 523 4348 secundae
540 4273 620 4349 folii
640 4271 730 4348 noni
751 4268 1022 4370 quinternionis
1044 4292 1067 4367 q
1090 4268 1242 4367 sequena
1264 4266 1474 4368 subscriptio
1493 4271 1650 4368 legitur:
1681 4266 1772 4371 Qua

112 4400 119 4411 '
155 4396 268 4501 fiores
290 4395 503 4473 mercuriales
516 4395 587 4505 sup
609 4394 737 4494 regalis
759 4386 845 4470 iuris
865 4388 934 4499 30.
956 4416 1011 4468 nn.
1034 4389 1182 4496 impreffr
1196 4393 1333 4471 remiis
1347 4418 1412 4493 per
1427 4393 1634 4496 Magistrum
1652 4391 1775 4472 Adam

161 4516 199 4594 dr
221 4518 351 4597 RotoiI.
373 4513 479 4592 Anno
504 4513 576 4591 dni.
600 4517 657 4593 M.
672 4544 753 4594 cccc.
770 4514 898 4615 [xxvij.
922 4527 1042 4614 pomo
1062 4538 1169 4591 nonus
1186 4512 1307 4621 oJ'ulr'r':
1329 4515 1438 4614 finiit
1449 4514 1609 4610 feliciter.
1650 4515 1776 4614 'sypo-

161 4644 293 4744 graphi
314 4637 429 4725 nostri
454 4636 503 4713 od
526 4660 665 4719 aunum
692 4654 786 4738 1480
810 4637 970 4735 primurn
991 4638 1165 4717 meminit
1183 4636 1375 4717 Manain
1399 4632 1551 4717 Toros
1581 4658 1666 4739 pag.
1692 4662 1776 4739 414.

761 4802 764 4809 ·
1673 4762 1737 4845 ubi
