3922 5176
825 323 1025 444 *ο
1028 415 1144 429 —t——u-
1247 394 1252 401 a

207 550 253 608 nn
271 555 324 629 ¹3·
375 527 419 604 In
436 524 596 629 sequenti
619 526 716 609 linea
736 528 866 629 incipit
884 529 921 607 C.
944 557 974 606 1.
990 533 1194 608 enchiridii.
1246 534 1421 632 Capitum
1438 536 1544 614 initia
1563 538 1790 634 reliquorum

198 626 247 705 nh
269 631 386 706 etiam
419 632 574 704 ratione·
592 653 665 706 non
700 642 894 715 notantur,
935 651 1045 724 quam
1078 630 1231 725 praelixo
1265 636 1490 729 competenti
1520 659 1683 710 numero.
1703 660 1735 709 e.
1751 658 1788 748 g.

192 725 327 819 cxli,
352 728 393 802 C.
412 727 493 802 XX.
513 727 582 803 &c
636 728 789 803 Litterae
810 727 890 801 sunt
913 725 1079 823 sculptae,
1107 753 1180 802 non
1203 729 1307 816 susae,
1334 733 1433 827 quod
1455 754 1581 807 earum
1600 731 1791 829 inaequali·

179 834 228 903 tas
252 826 409 900 abunde
432 824 667 900 demonstrat.
745 824 901 921 Signum
922 823 1225 920 interpuniiionis
1248 830 1399 903 unicum
1422 829 1631 913 observavi,
1657 852 1789 926 nempe

160 924 366 1101 ffl’
416 925 515 1017 quod
546 922 660 1019 ipsum
697 936 823 997 tamen
853 922 1069 1034 plerumque
1102 922 1218 1009 deest,
1264 926 1326 999 ubi
1350 926 1469 1001 suerat
1497 925 1789 1023 exprimendum.

334 1032 379 1094 nt
405 1022 504 1095 enirn
526 1020 648 1116 passim
672 1021 825 1115 integrae
873 1020 1013 1116 aginae,
1038 1041 1077 1093 111
1100 1021 1232 1116 quibus
1255 1024 1320 1096 vix
1335 1022 1406 1098 tria
1422 1038 1626 1118 quatuorve
1647 1020 1792 1118 expres·

165 1117 212 1199 sa
228 1116 312 1193 stant
329 1117 478 1213 punita.
559 1118 714 1194 Litterae
736 1041 917 1203 initiases,
952 1115 1141 1204 custodes,
1176 1114 1389 1213 signaturae,
1423 1122 1640 1217 paginarum
1664 1141 1792 1192 nume·

176 1215 384 1297 sidesunt.
463 1214 602 1310 Pagina
638 1220 780 1312 quaevis
811 1215 953 1309 integra
995 1213 1111 1288 lineas
1150 1215 1402 1312 complestitur
1426 1243 1484 1316 34.
1559 1215 1793 1291 Terminatur

176 1312 387 1413 tusculum
409 1311 499 1409 solio
522 1338 580 1410 31.
610 1315 734 1389 aversa
759 1312 892 1409 pagina
915 1311 1012 1386 linea
1035 1316 1101 1398 26,
1137 1313 1196 1387 cui
1221 1313 1301 1391 haec
1329 1327 1474 1391 tantum
1499 1311 1648 1411 subjecit
1680 1312 1792 1388 verba

179 1410 454 1511 typographus:

782 1520 784 1525 '
864 1505 940 1580 Deo
969 1507 1116 1603 gracias.

182 1548 211 1687 ir
232 1604 410 1718 sequenti
429 1602 521 1677 folio
540 1628 606 1718 32...
625 1601 795 1716 incipiuni
814 1602 1146 1718 titnlioccpiinsornm
1166 1601 1248 1718 libri
1271 1601 1479 1689 encheridion
1501 1600 1590 1678 beati
1613 1606 1790 1718 angustini,

218 1706 236 1781 i
254 1714 510 1779 termmantur
530 1701 609 1776 lohr
631 1728 689 1797 33.
710 1725 842 1797 pagina
864 1724 1000 1799 prima,
1027 1702 1124 1777 lmea
1146 1701 1307 1802 septima.
1366 1701 1554 1780 Postrema
1574 1702 1660 1779 hurc
1683 1704 1792 1786 hneae

188 1728 331 1900 sbiestti
359 1822 456 1883 vox,
481 1798 681 1896 majoribus
706 1800 841 1874 litteris
866 1798 1031 1971 irpqprelsa
1056 1799 1117 1875 eli.
1850 1808 1852 1812 ‘

198 1993 265 2071 lion
288 1993 440 2078 dubito,
466 1993 556 2088 quin
576 1993 655 2067 haec
676 1993 791 2068 editio
812 1991 856 2070 sit
877 1894 1119 2093 ,ntffiffifia
1141 1993 1179 2073 dc
1201 1994 1297 2071 sorte
1326 1995 1492 2071 omnium
1520 1995 1638 2093 prima
1665 1994 1792 2074 saltent

201 2107 272 2171 tute
296 2114 436 2169 annum
461 2116 565 2193 1477·
593 2091 706 2167 excus
725 2149 733 2168 .
1127 2106 1130 2111 ·

197 2378 354 2473 uxrv.
389 2381 545 2486 niani,
576 2380 681 2470 11111
699 2381 1143 2495 Magium-Leucon
1159 2379 1520 2496 alphabeticum,
1549 2383 1592 2470 n
1610 2408 1697 2500 quo
1714 2408 1793 2470 vo·-

299 2522 396 2585 cunr
422 2496 750 2606 significationes
780 2523 833 2585 ex
858 2495 932 2585 usu
960 2500 1129 2586 iliarum
1155 2497 1198 2585 in
1231 2493 1344 2587 sacra
1366 2495 1591 2612 scriptura,
1619 2499 1795 2610 vulgata

146 2700 168 2711 ‚
298 2611 498 2715 nimirum
528 2610 722 2699 versione
752 2611 1034 2728 potissimum,
1080 2636 1285 2707 necnon
1320 2609 1721 2737 apud'sheologos
1750 2612 1795 2699 bc
1950 2654 1952 2659 ·

300 2722 450 2815 Patres
480 2726 832 2854 determinantur,
878 2727 931 2817 ln
956 2724 996 2817 F
998 2728 1061 2822 ol,
1088 2752 1230 2839 magn,
1266 2740 1312 2878 p}

198 2998 202 3003 ·
290 2968 332 3045 111
351 2965 476 3042 aversa
501 2965 610 3065 primi
631 2965 711 3040 solii
735 2965 887 3061 pagina,
915 2964 1085 3040 columna
1108 2915 1226 3063 prima
1243 2966 1325 3042 haec
1341 2970 1453 3047 verba
1472 2969 1662 3068 leguntur,
1684 2938 1796 3043 rubro

183 3065 357 3161 impressa
376 3065 518 3140 colore:
548 3061 758 3140 Venerabilis
778 3059 892 3138 Alani
911 3058 994 3135 liber
1018 3064 1053 3135 in
1074 3060 1309 3161 distiniiionila
1329 3064 1506 3142 sinicium
1528 3065 1793 3165 theologicalium

170 3164 348 3275 sselicr'tee
368 3160 475 3275 (lic)
499 3154 677 3257 incipitt't
719 3159 893 3255 Sequitur
923 3172 1046 3232 autem
1077 3159 1116 3232 in¹
1150 3158 1276 3235 eadem
1309 3162 1480 3239 columna
1503 3162 1616 3240 Alani
1638 3164 1798 3260 Epistola
1950 3214 1953 3219 -

178 3262 416 3343 dedicatoria
441 3259 489 3335 ad
510 3257 825 3353 Hermengaldum
863 3254 985 3330 Sanni
1027 3257 1180 3352 AEgydii
1216 3258 1403 3335 abbatem:
1447 3263 1487 3336 in
1514 3261 1685 3336 columna
1711 3285 1799 3334 vero

180 3358 360 3460 ejusdem
382 3381 428 3455 pa
455 3358 527 3432 inae
556 3357 710 3432 secunda
738 3353 848 3429 Alani
872 3353 910 3427 in
960 3352 1091 3429 raesens
1115 3376 1207 3450 opus
1235 3356 1427 3450 praesario,
1455 3359 1514 3432 cui
1535 3357 1657 3432 nullus
1680 3356 1800 3455 praeli·

182 3480 271 3539 xrrs
293 3454 343 3531 est
365 3381 507 3531 titulus.
531 3455 598 3527 'In
617 3455 734 3549 prima
758 3453 906 3555 secundi
924 3377 1004 3524 sihi
1028 3453 1197 3526 columna
1218 3452 1290 3527 srne
1313 3453 1389 3527 ullo
1415 3444 1536 3529 etiam·
1550 3454 1659 3529 titulo
1685 3453 1799 3550 ipsum

180 3558 346 3635 demum
367 3575 460 3650 opus
483 3551 612 3646 incipit
636 3551 681 3626 ab
704 3549 951 3645 explicatione
976 3547 1241 3644 praepositionis
1266 3573 1288 3622 a
1311 3550 1370 3625 vel
1392 3547 1445 3627 ab.
1523 3552 1705 3627 Litteram
1729 3552 1799 3627 ini·
1873 3582 1876 3586 ⁴

184 3653 326 3733 tialem
346 3673 498 3747 parvam
522 3650 651 3746 primae
684 3647 787 3721 vocis
823 3643 986 3743 cujusvis
1022 3645 1158 3719 litterae
1181 3643 1253 3741 ipse
1277 3647 1531 3745 typographus
1557 3648 1709 3746 adjecit,
1736 3675 1800 3725 ex·

187 3752 321 3847 ceptis
346 3749 480 3823 litteris
504 3746 705 3821 initialibus
728 3767 861 3819 vocum
890 3741 1044 3817 Cadaver
1063 3743 1102 3819 &
1128 3740 1275 3830 siclinio,
1303 3766 1385 3841 quae
1407 3745 1488 3821 sunt
1505 3747 1636 3844 primae
1660 3749 1802 3822 littera·

184 3848 284 3929 rum
304 3848 375 3925 c&
388 3847 413 3920 s.
456 3845 498 3919 ln
517 3844 666 3917 vocibus
682 3843 832 3938 reliquis
856 3842 991 3917 litterae
1012 3840 1172 3916 initiales
1193 3842 1328 3939 ubique
1347 3843 1485 3919 desunt.
1535 3843 1672 3919 Desunt
1690 3847 1803 3920 etiam

186 3952 244 4026 in
268 3960 347 4019 toto
375 3965 484 4040 opere
506 3936 692 4023 custodes,
718 3938 929 4033 lignaturae,
954 3940 1171 4034 paginarum
1191 3942 1345 4016 numeri.
1408 3941 1712 4036 interpunltionis
1735 3940 1804 4036 lig-

190 4066 295 4125 num
311 4043 461 4119 unicum
481 4038 644 4112 occurrit
673 4058 803 4130 nempe
824 4035 1007 4129 punitum.
1059 4035 1133 4110 Pro
1155 4057 1189 4111 ae
1213 4037 1263 4112 est
1286 4039 1407 4112 ubivis
1433 4036 1630 4133 esrmplex.
1681 4037 1805 4114 Voces

190 4168 225 4222 a
242 4142 365 4216 littera
388 4140 426 4213 H
452 4136 670 4232 incipientes
697 4132 934 4207 inveniuntur
962 4133 1059 4207 inter
1081 4156 1193 4207 voces
1230 4135 1459 4208 avocalibus
1492 4158 1534 4222 a,
1565 4160 1603 4221 e,
1633 4134 1666 4220 i,
1693 4159 1738 4219 o,
1759 4158 1807 4222 u,

191 4239 434 4334 incipientes.
486 4232 548 4309 Sic
572 4229 690 4307 naam
714 4231 895 4326 reperitur
920 4228 957 4302 in
980 4253 1021 4313 c,
1047 4229 1144 4325 quasr
1165 4227 1279 4317 abere,
1309 4228 1424 4303 hortvs
1449 4233 1487 4306 in
1512 4258 1550 4319 o,
1577 4231 1672 4329 quas
1694 4240 1805 4317 orins,

130 4390 132 4394 -
199 4336 394 4417 Humilitcr
417 4334 457 4407 in
479 4357 521 4418 n,
548 4328 645 4428 quasi
671 4325 820 4403 nmilitnr
838 4326 1061 4402 scriberetur.
1111 4328 1266 4402 Litterae
1280 4325 1526 4423 sernigothicae
1541 4329 1630 4402 sunt.
1671 4327 1808 4402 Occur-

196 4452 292 4515 runt
315 4433 438 4531 plures
465 4428 613 4526 syllabae
642 4452 689 4503 ex
719 4449 793 4501 una
814 4425 968 4499 matrice
990 4424 1094 4510 susae,
1123 4439 1188 4498 aut
1214 4424 1344 4499 eodem
1369 4450 1416 4500 ex
1436 4441 1588 4511 trunco,
1614 4423 1674 4500 vel
1691 4425 1810 4521 plum·

200 4539 254 4611 bo
281 4532 441 4625 sculptae.
512 4523 791 4605 Abbreviaturae
813 4525 924 4598 etiam
949 4523 1029 4596 lirnt
1052 4521 1356 4621 frequentissimae.
1421 4524 1559 4596 Charta
1583 4545 1716 4618 magna
1742 4520 1822 4610 est,

201 4637 244 4713 δι
268 4623 483 4715 sirmisstnra,
519 4624 701 4721 habetque
722 4622 866 4719 amplos
888 4622 1086 4718 margines.
1163 4618 1347 4697 Columna·
1365 4618 1674 4729 quaevisintegra
1696 4620 1815 4698 lineas

1670 4740 1771 4792 cour·
