3922 5176
180 310 284 419 7⁰,
825 263 1181 389 ss.

51 541 54 546 -
184 484 274 579 ΙΙΙ.
304 477 536 575 Themistii
561 472 867 592 Peripatetici,
893 471 1163 588 Parrpbralis
1202 471 1251 589 r)
1279 466 1569 565 Posterioruni
1594 472 1808 590 Analyti·

303 604 457 690 corum
471 591 741 685 Aristotelio.
793 588 852 705 a)
878 586 998 677 ouo
1018 586 1298 705 Phylicorum
1316 589 1516 704 ejusdem
1541 597 1546 614 '
1575 592 1627 705 3)
1644 586 1808 682 Trium
1841 698 1844 703 ¹

300 711 513 807 librorum
539 710 597 800 de
630 707 774 797 anima
803 703 1020 818 ejusdem.
1077 709 1132 816 4)
1159 700 1397 795 Librorum
1429 706 1485 794 de
1509 702 1735 796 Memoria
1760 702 1812 796 bt

300 820 646 941 reminiscentia,
676 823 733 912 de
768 819 936 910 Somno
968 820 1013 908 tt
1039 818 1215 933 vigilia,
1251 822 1308 910 de
1336 818 1560 911 insomniis
1590 817 1635 908 tc
1665 821 1721 909 de
1748 821 1812 913 ui:

301 940 533 1037 rinatione
560 966 640 1057 per
663 934 873 1027 somnum.
927 931 1088 1024 Omnia
1111 957 1167 1024 ex
1187 932 1562 1053 Interpretarione
1576 932 1814 1027 Hermolai

300 1056 503 1165 Barbari,
528 1052 708 1149 Patricii
734 1048 905 1147 Veneti
942 1045 1207 1141 Nobiliffimi
1251 1050 1297 1141 bt
1331 1046 1575 1144 doiiiffimi.
1620 1046 1844 1145 Tarvilii·

300 1200 383 1293 per
391 1168 764 1277 bartholomeum
779 1162 1165 1277 Conlalonerium,
1191 1165 1238 1257 bt
1255 1164 1500 1259 Motellum
1519 1165 1813 1263 Gerardinum

301 1290 430 1385 Anu.
462 1312 590 1402 1431.
622 1282 930 1411 ioFobmiu.
1030 1306 1034 1315 ·
1098 1320 1101 1325 ·
1668 1304 1677 1323 “

78 1530 85 1537 -
348 1487 395 1569 m
416 1480 542 1564 aversa
592 1481 679 1558 rimi
706 1478 789 1558 folii
818 1479 956 1578 pagina
976 1475 1110 1579 incipit
1136 1475 1317 1556 Hermolai
1336 1474 1493 1555 Barbari
1514 1474 1661 1557 Patricii
1685 1476 1811 1559 Verrii

183 1584 369 1670 Zacharia
478 1584 531 1659 'tir
587 1581 641 1657 rlr'i
656 1576 702 1657 Ia
721 1575 952 1679 Paraphrafirr
981 1572 1147 1679 limisit
1169 1575 1406 1679 Peripatlretici
1430 1575 1597 1674 Prasatr'o
1626 1574 1694 1655 At
1717 1575 1812 1657 tix-

131 1720 136 1725 ·
182 1700 255 1767 tam
277 1680 389 1765 Jffl.
526 1678 743 1762 Maximam,
774 1675 906 1775 scripta
931 1672 1103 1754 Venetiis
1127 1699 1226 1764 anno
1244 1690 1348 1776 1480.
1397 1674 1648 1775 Conquerimr
1670 1676 1712 1753 in
1737 1676 1813 1757 hac

182 1774 403 1888 praetimore
426 1782 474 1860 tie
494 1778 662 1859 barbaris
686 1786 855 1890 reterom
858 1771 1176 1949 1philosophorum
1207 1772 1491 1889 translatoribus
1523 1772 1670 1863 latinia,
1697 1774 1814 1852 adfir-

183 1898 354 1983 matque,
385 1877 589 1980 periculum
603 1875 639 1953 se
653 1874 774 1953 fecrue
795 1896 836 1973 rn
888 1870 1080 1962 hemana,
1109 1870 1302 1972 anscrrpta
1321 1871 1472 1952 illorum
1492 1872 1811 1972 proprietatem&

164 1983 304 2063 iucem
319 2000 484 2058 romanae
505 1977 644 2073 linguae
664 1973 888 2073 reciperent:
922 1969 1143 2049 Pontificem
1161 1993 1251 2048 vero
1270 1971 1403 2061 etiam,
1427 1983 1540 2070 atque
1553 1972 1807 2049 etiamhorta·

155 2092 265 2169 ‘tur‚
297 2103 345 2157 ne
369 2074 570 2175 susceptum
606 2072 717 2148 initio
747 2066 988 2169 pontificatus
1020 2069 1073 2146 sui
1102 2068 1312 2147 litterarum
1335 2068 1583 2169 patrocinium
1610 2068 1806 2149 desereret.

181 2179 330 2260 Finitur
349 2173 521 2277 praefatio
543 2172 627 2251 haec
647 2169 708 2246 seu
732 2168 919 2245 dedicatio
944 2168 983 2243 in
996 2169 1116 2265 prima
1129 2169 1265 2267 pagina
1287 2168 1398 2267 paulo
1429 2168 1509 2267 post
1537 2168 1703 2247 medium
1723 2169 1810 2249 solil

181 2276 350 2363 mardi,
368 2272 475 2373 cujus
489 2267 624 2347 aversa
644 2266 779 2366 pagina
803 2266 965 2343 indicem
986 2266 1155 2343 connnet
1183 2268 1349 2367 capitum
1377 2266 1463 2344 libri
1517 2267 1603 2344 rimi
1627 2264 1726 2343 Anal
1772 2268 1808 2329 ἀ

181 2398 312 2457 corum
331 2372 585 2475 posteriorum.
662 2366 776 2443 Libro
784 2362 920 2463 primo
942 2362 1356 2541 Phybcorumhraeflxa
1377 2288 1630 2444 ethermolai
1651 2276 1811 2447 uolgi

182 2472 329 2553 Patririi
360 2469 491 2550 Veneti.
523 2466 577 2544 ‘Z.
598 2462 640 2542 F.
674 2461 974 2563 Irr'Paraphrafia
1003 2460 1156 2565 Pipicer
1239 2464 1363 2565 potitii.
1398 2462 1564 2562 Prasatr'o
1599 2460 1675 2541 Ad.
1714 2462 1808 2545 Am

185 2568 411 2655 Galaticum,
434 2567 566 2665 scripta
580 2562 750 2641 Veneriis
768 2586 866 2638 anuo
885 2576 989 2661 ¹48⁰·
1039 2560 1082 2639 ln
1095 2560 1166 2638 hac
1187 2561 1432 2662 Philosophiae
1447 2561 1605 2640 studium
1622 2586 1708 2640 cum
1728 2563 1809 2641 elo·

181 2672 334 2770 quentia
358 2665 427 2745 elie
452 2660 588 2781 conjua
635 2661 750 2737 ndum
773 2661 895 2737 docet.
974 2654 1039 2736 Ad
1059 2659 1201 2736 calcem
1224 2659 1310 2739 libri
1334 2658 1454 2737 otiari
1480 2662 1563 2739 haec
1585 2664 1732 2739 tantum
1752 2660 1812 2745 lc·

180 2782 339 2867 gunttrr:
367 2761 531 2867 lierniflir
570 2760 656 2835 liar
682 2756 821 2834 ultimas
851 2754 999 2858 physices
1030 2757 1180 2857 explicit.
1225 2756 1517 2835 'Bartholomaar
1546 2756 1808 2856 cmfamerias

182 2863 376 2980 Briximsir
407 2859 553 2962 Toraifii
576 2857 740 2973 imprefflt.
789 2855 913 2937 Libris
934 2856 981 2933 de
1008 2855 1307 3029 anima-'praelixa
1329 2856 1380 2937 est
1400 2859 1523 2935 denuo
1546 2856 1716 2957 praefatio
1742 2857 1806 2937 in·

180 2976 356 3063 terpretrs
396 2962 444 3036 ad
475 2960 679 3061 Georgium
711 2954 915 3039 Merulam,
959 2952 1141 3031 Stauelen
1156 2974 1238 3043 em,
1267 2957 1307 3032 in
1328 2979 1402 3056 qua
1432 2956 1552 3035 latini·
1563 2952 1741 3033 sermonis
1764 2957 1809 3036 iu

180 3061 372 3142 vertendis
405 3058 509 3134 hisce
541 3054 646 3131 libris
675 3054 729 3130 ita
754 3052 788 3130 se
811 3051 915 3130 inille
933 3050 1129 3131 studiosum
1150 3052 1342 3142 adfirmat,
1366 3066 1406 3131 at
1429 3053 1537 3131 licem
1548 3053 1720 3171 semmam
1742 3068 1808 3134 aru

181 3163 314 3238 circiter
345 3154 447 3235 aeria
471 3180 566 3254 opere
592 3165 662 3229 toto
683 3151 943 3267 reperiantur,
978 3174 1052 3265 qua
1073 3162 1191 3251 araepta
1213 3149 1299 3252 (iic)
1319 3150 1361 3228 rie
1372 3154 1464 3326 loro
1487 3153 1555 3230 dici
1586 3178 1653 3229 rrom
1668 3155 1806 3259 poffiat.

180 3260 225 3338 ln
247 3259 322 3336 fine
349 3254 569 3342 voluminis,
591 3251 651 3330 seu
667 3249 752 3327 hbn
773 3250 821 3351 de
838 3251 1068 3326 drarnatrone
1088 3271 1154 3349 per
1178 3248 1345 3328 somnum
1384 3252 1684 3349 equenslegitur
1700 3253 1804 3331 noti·

181 3359 255 3436 tit:
294 3354 436 3434 liniant
464 3349 546 3431 iibri
573 3346 823 3449 Paraplrraseos
855 3344 1020 3449 limasti·
1048 3347 1133 3463 imp
1212 3350 1287 3424 iora
1318 3348 1510 3467 Aristotelis
1536 3340 1551 3429 i
1574 3350 1733 3453 physica:
1761 3352 1802 3431 a'a

41 3482 59 3495 ·
181 3453 287 3533 libror
304 3454 346 3531 ir
368 3456 499 3530 amima:
525 3452 561 3527 ia
587 3446 847 3526 Commentarios
867 3444 909 3520 de
928 3468 1087 3521 memorre
1171 3444 1433 3545 ,miscentur
1457 3449 1499 3525 dl
1508 3448 1631 3553 s⁰m³¹o
1645 3446 1688 3527 Θ
1705 3448 1800 3565 ’Ῐρ

181 3554 251 3631 lia:
274 3550 318 3627 ir
338 3541 505 3651 isorrriir:
531 3546 574 3622 de
592 3545 800 3637 licitatione
818 3569 881 3646 per
895 3542 1074 3644 somnum:
1094 3543 1131 3621 irr
1225 3558 1273 3623 ete
1297 3546 1484 3624 Hermolao
1514 3545 1696 3625 Barbara:
1719 3571 1820 3624 arro,

89 3690 92 3695 ⁴
179 3638 355 3753 elarrffio:
384 3672 466 3746 paor
490 3644 529 3723 C.
551 3644 711 3722 Porticus
732 3642 879 3721 Facimus
903 3640 1084 3719 exarmet
1211 3646 1351 3721 ermolai
1366 3647 1513 3748 stadiosr
1536 3645 1738 3746 auscultaait
1756 3644 1801 3725 Θ

171 3749 335 3851 formalis
356 3747 504 3846 imprimi
525 3745 659 3857 curauit
682 3741 789 3818 Tarni
812 3743 908 3835 iper.
930 3740 977 3816 B.
1000 3741 1066 3835 cis
1092 3744 1240 3818 arteriam
1259 3742 1302 3821 ii
1313 3744 1493 3822 Morellam
1512 3743 1744 3833 Gerardirram
1756 3744 1805 3822 ir

178 3846 333 3930 Soloriio.
384 3842 494 3922 Arma
514 3839 652 3942 salutar.
691 3838 777 3915 MC
805 3836 1054 3916 Geumi
1086 3838 1174 3918 XV.
1208 3839 1401 3920 Februarii.
1452 3846 1495 3921 ln
1520 3843 1645 3921 auersa
1669 3843 1798 3921 ultimi

24 3966 29 3975 ’
177 3944 289 4064 hujus
313 3944 394 4024 folii
416 3944 551 4043 pagina
574 3961 719 4018 errores
746 3950 923 4015 notantur
945 3952 1103 4035 typogra
1128 3939 1174 4016 hi'
1197 3943 1377 4020 momenti
1406 3942 1570 4042 majoris.
1622 3941 1684 4017 Est
1711 3941 1799 4020 baec

179 4047 295 4126 edrtio
318 4043 391 4122 fine
413 4043 525 4157 dubio
546 4037 712 4153 onmium
729 4035 859 4152 prima.
911 4035 1054 4116 Excula
1074 3962 1129 4114 el
1148 4038 1355 4120 charatiere
1376 4043 1537 4120 rotundo
1553 4041 1798 4139 pereleganti.

177 4146 292 4225 Caret
313 4139 541 4228 custodibus,
563 4158 730 4219 numerus
752 4148 989 4235 paganarum,
1015 4138 1286 4237 earundemque
1301 4140 1610 4239 inscriptionibus.
1659 4139 1799 4236 Signa·

176 4257 301 4347 turae,
324 4238 383 4327 ἀ,
405 4238 619 4352 plerumque
641 4236 788 4323 saltem,
817 4236 931 4312 etiam
954 4232 1116 4312 initiales
1136 4235 1279 4312 litteras
1294 4260 1429 4335 parvas
1449 4238 1523 4338 ipse
1536 4251 1696 4337 typogra
1722 4238 1815 4316 hur·

173 4340 383 4518 adffim
372 4337 543 4417 Occurrit
564 4335 792 4434 diphtongon
812 4357 872 4425 ar,
894 4332 1090 4437 puralium,
1106 4333 1146 4414 ἃ
1160 4333 1235 4413 duo
1252 4335 1398 4436 puniit.
1446 4339 1586 4418 Charta
1610 4261 1797 4436 turpione

97 4502 101 4515 .
174 4464 215 4517 nr
383 4493 396 4514 .

1633 4697 1726 4801 lv.
1789 4720 1800 4729 “
