3922 5176
781 317 1108 444 ss
1382 288 1493 301 ⁵*
1662 329 1907 467 cta

10 565 12 569 ’
116 493 383 630 ''chvssl
422 531 637 628 Secuntur
664 516 770 649 (tic)
799 531 1056 644 coclnfiobec
1083 534 1134 625 de
1162 527 1345 653 diacrfic
1368 524 1745 631 materiis'mora·
1813 521 1815 525 ’
1906 581 1914 593 ·

238 658 326 747 libo
353 659 486 749 utilas
509 658 649 751 naida.
675 644 818 776 posstc
843 680 873 767 p
899 661 1050 774 mgim'
1067 650 1295 767 &ubinam
1318 658 1370 748 ala
1417 654 1571 776 casana
1597 654 1746 753 cotio
1789 758 1793 767 ,
1840 678 1845 695 ’

98 861 102 864 ,
235 809 327 874 ram
359 781 528 902 eximiii
550 784 598 874 in
633 779 869 900 theologia.
911 804 962 868 ac
1002 778 1235 874 cicaltarii
1270 685 1429 898 ecclesia
1457 785 1577 874 aean
1602 783 1743 877 maria

227 895 485 1018 parpssensc.
517 901 563 991 in
586 894 693 996 Ful.
721 900 828 987 min.

278 1127 374 1207 Haec
392 1128 524 1216 verba,
557 1148 641 1228 quae
665 1128 704 1206 in
727 1128 857 1206 fronte*
883 1125 1056 1225 leguntur
1094 1126 1254 1226 opusculi
1293 1128 1502 1206 charatlore
1531 1130 1740 1228 luculento,

71 1250 292 1329 l-anaguam
315 1251 400 1305 cum
423 1227 542 1306 literis
553 1225 751 1304 ,Guntheri
773 1225 909 1304 Zainer
935 1227 1190 1325 pinguioribus
1213 1227 1442 1305 adfinitatem
1467 1221 1643 1322 habente,
1669 1235 1742 1313 im·

66 1336 69 1341 '
112 1324 240 1429 prelii,
267 1327 482 1405 immediate
510 1324 649 1423 excipit
671 1325 830 1403 auiloris
857 1325 1044 1424 prologus.
1108 1326 1150 1401 In
1170 1325 1294 1403 fronte
1316 1324 1481 1443 cujusvis
1506 1329 1653 1426 paginae
1672 1354 1742 1411 nu*

43 1486 54 1507 .
108 1448 244 1507 merus
257 1425 337 1501 folii
354 1438 523 1510 notatur,
549 1451 582 1501 e.
596 1447 631 1522 g.
657 1423 795 1501 Foliam
807 1465 824 1484 ·
839 1431 858 1482 ·'
872 1448 934 1501 cna
987 1422 1139 1501 Constat
1160 1424 1333 1502 volumen
1354 1436 1544 1523 integrum
1564 1427 1665 1505 toliis
1681 1453 1739 1529 κς,

112 1547 276 1624 quorum
301 1525 375 1602 duo
397 1524 597 1622 posteriora
617 1548 691 1601 non
715 1522 797 1599 sunt
817 1536 1021 1599 numerata.
1095 1524 1244 1601 literas
1271 1525 1433 1600 initiales
1457 1547 1517 1600 ma
1569 1528 1664 1604 asli

72 1692 78 1703 .
114 1622 270 1711 incisas,
298 1637 454 1721 excepta
472 1625 591 1720 prima
613 1645 748 1721 parva,
773 1621 1028 1719 typographus
1051 1620 1198 1719 adjer²t.
1239 1621 1388 1699 ttesunt
1409 1622 1484 1699 culi
1534 1648 1596 1714 es,
1617 1627 1665 1706 &.
1697 1643 1742 1726 ga
1784 1640 1804 1665 ··
1846 1616 1873 1685 .'·'

60 1785 63 1789 .
113 1735 274 1801 naturae.
326 1720 586 1798 Concluliones
610 1714 696 1818 ipsae
717 1719 964 1797 terminantur
986 1720 1169 1819 imprimo
1188 1720 1269 1797 folii
1293 1719 1399 1820 xxiij.
1422 1723 1565 1839 pagina.
1615 1725 1657 1801 ln
1678 1744 1754 1804 ea„
1854 1750 1884 1798 g

117 1823 206 1898 dem
227 1821 361 1917 pagina
382 1821 518 1918 legitur
538 1818 735 1934 Regislram‘
748 1821 785 1895 ia
808 1816 929 1894 libram
945 1817 1175 1918 proscriptam.
1243 1817 1320 1898 Sed
1341 1819 1414 1896 hoc
1440 1820 1652 1918 registrum,
1678 1823 1740 1904 seu

114 1920 232 1996 index
254 1920 491 1995 materiarum
517 1918 648 2017 inciptt
669 1920 709 1994 in
741 1919 865 1995 aversa
888 1916 1056 2016 ejusdem
1077 1918 1159 1996 folii
1182 1919 1335 2017 pagina,
1379 1917 1419 1996 dc
1448 1920 1670 1997 terminatur
1699 1923 1741 2001 in

116 2016 243 2094 aversa
266 2019 399 2115 pagina
419 2017 500 2093 folii
524 2040 582 2113 25.
633 2011 697 2093 Ad
722 2015 801 2114 ejus
826 2016 965 2094 calcem
993 2017 1076 2095 haec
1099 2016 1273 2114 legunttn
1296 2017 1493 2094 adnotata:
1521 2015 1621 2096 Scias
1639 2021 1739 2097 mam
1794 2051 1803 2061 “

92 2115 308 2316 Jffpn'sq,
322 2117 443 2231 'malta
472 2118 616 2195 inuenies
642 2111 806 2194 notabilia
827 2117 877 2194 'in
904 2111 1056 2221 procffc
1081 2117 1278 2216 regularum
1300 2135 1373 2217 quoe
1394 2139 1461 2194 non
1482 2119 1626 2196 continet
1646 2121 1738 2221 regi·
1790 2162 1794 2170 ,

142 2240 216 2292 cunc
234 2226 430 2315 pcrcptum.
1737 2246 1740 2251 ·

111 2458 317 2554 CXLlh.
351 2410 579 2551 Guilielmi
602 2453 842 2550 Parifienfis
867 2451 1109 2549 Rhetorica
1130 2444 1303 2564 divina,
1336 2449 1410 2548 seu
1441 2458 1497 2550 de
1520 2454 1736 2555 Oratione

15 2650 18 2655 .
106 2600 121 2607 ··
168 2698 174 2706 .
220 2577 358 2684 liber.
394 2578 440 2666 in
462 2571 565 2666 Fol.
591 2575 697 2664 min.
1297 2637 1301 2646 ·
1450 2639 1452 2642 -
1887 2590 1891 2608 ·

277 2811 318 2887 ln
342 2809 461 2907 prima
491 2800 625 2906 pagina
655 2806 765 2906 paulo
797 2815 884 2919 ante
909 2803 1074 2882 medium
1109 2799 1276 2920 ejusdem
1305 2801 1503 2976 majusculo
1527 2808 1758 2907 charaflere·

114 2911 266 3013 gothico
289 2910 338 2984 im
367 2906 512 2983 reliusl
563 2907 638 2981 'tur
661 2907 783 3002 operis
806 2904 958 2979 titulus:
987 2900 1168 2978 Rhetorica
1193 2900 1326 2977 Dinina
1371 2929 1388 2977 e
1414 2902 1575 2982 Oratione
1602 2906 1733 2985 domita·

120 3008 291 3088 (iailcmi
348 3006 478 3106 aristei.
561 3002 734 3079 navaria
783 3001 893 3094 agina
914 2999 995 3076 folii
1024 2998 1189 3098 ejusdem
1220 3000 1350 3078 decem
1375 3001 1548 3099 leguntau
1581 3005 1735 3083 disticha
1887 3055 1889 3058 -

113 3109 155 3188 in
178 3108 327 3185 laudem
350 3099 541 3204 praesentis
568 3101 702 3198 operis.
730 3025 857 3196 ,polio
878 3096 1035 3174 secundo
1060 3096 1134 3174 inci
1160 3098 1192 3171 it
1211 3096 1357 3186 tabula,
1383 3097 1443 3176 seu
1467 3102 1581 3178 index
1605 3103 1733 3201 alpha-

113 3208 258 3286 beticus
279 3204 517 3280 materiarum
539 3198 599 3276 lex
620 3199 720 3276 foliis
743 3195 1034 3293 comprehensus.
1085 3119 1189 3271 Fofio
1211 3194 1340 3273 ottavo
1368 3196 1505 3295 legitur
1523 3197 1731 3278 Cimcatah

27 3376 33 3385 ,
109 3305 352 3484 prestantiaemi
376 3301 416 3380 ii
440 3296 670 3408 inconsutilis
702 3294 843 3374 dolioris
873 3295 1025 3396 magistri
1061 3290 1229 3370 Grailermi
1253 3295 1408 3395 parificat.
1430 3296 1550 3373 adoris
1570 3296 1658 3400 (lic)
1672 3300 1734 3401 se-'

161 3418 177 3433 '
191 3411 221 3485 is
240 3410 268 3485 li
309 3409 331 3485 i.
358 3408 416 3506 qai
438 3403 620 3484 Baliarica
645 3400 779 3478 diuina
829 3400 1014 3478 etitulatnr.
1086 3402 1128 3476 ln
1150 3398 1274 3476 aversa
1296 3400 1431 3498 pagina
1455 3400 1592 3498 legitur
1614 3406 1728 3483 indetl
1820 3501 1822 3505 ,

114 3423 340 3607 {ungulorum
363 3505 494 3582 ordine
514 3505 690 3621 capitum.
786 3524 858 3578 ono
878 3502 1027 3577 demum
1050 3499 1141 3577 folio
1167 3521 1261 3597 opus
1288 3497 1403 3597 ipsum
1424 3499 1556 3599 incipit
1579 3504 1734 3601 gothico

116 3605 324 3687 cbarattere
349 3604 576 3705 pereleganti
595 3603 635 3678 in
657 3597 800 3678 duabus
811 3597 1000 3677 columnis
1023 3595 1208 3698 praestami
1227 3597 1367 3676 chartae
1389 3598 1607 3699 imprellum.
1659 3602 1744 3688 Ca,
1828 3686 1831 3691 ,
1905 3609 1920 3679 “.

113 3719 173 3787 ret
193 3704 420 3790 custodibus,
447 3701 486 3780 dc
509 3700 674 3779 numeris
697 3697 933 3797 paginarum:
957 3697 1070 3774 habet
1088 3719 1178 3774 vero
1202 3693 1424 3792 ignatorum
1447 3698 1487 3777 dc
1512 3700 1731 3797 paginarum

115 3803 390 3901 inscriptiones,
415 3823 485 3878 nec
505 3825 581 3878 non
606 3795 769 3875 initiales
791 3795 919 3873 literas
944 3816 1091 3895 parvas.
1139 3887 1141 3890 y
1169 3793 1321 3873 Constat
1340 3796 1441 3875 loliis
1462 3797 1637 3921 imprellls
1661 3815 1729 3898 58,

115 3902 155 3984 dt
176 3903 216 3980 in
243 3900 316 3979 fine
341 3901 424 3981 haec
445 3912 593 3979 uatum
614 3895 726 3973 habet
747 3893 960 3993 subscripta:

582 3994 744 4095 Explicit
780 3990 940 4069 Retorica
971 3990 1090 4068 diuina
1121 3988 1163 4065 dc
1199 4016 1262 4068 ora

583 4090 817 4176 nocolonae
839 4088 1008 4168 Gailarmi
1023 4092 1196 4193 pariensts.
1219 4085 1308 4193 (stc)

338 4337 434 4432 eL.
482 4337 530 4439 S.
556 4332 754 4454 Ephrem
784 4329 991 4454 opuscula
1020 4317 1160 4454 plura.
1188 4337 1233 4429 io
1265 4334 1369 4435 Fol.
1395 4338 1499 4428 min.

272 4534 368 4614 Hac
386 4531 557 4633 opuscula
572 4502 655 4612 luat
675 4533 807 4613 εοᾶειιι
833 4530 1041 4613 charastere
1061 4533 1256 4632 eidemque
1274 4538 1418 4649 chartae
1437 4533 1622 4635 impactio,
1653 4532 1732 4633 qui·
1846 4492 1887 4549 ⁵⁷
1927 4604 1931 4611 ,

113 4634 184 4716 boa
206 4633 419 4749 opnlculum
448 4632 665 4714 immediate
687 4631 928 4734 paneadem·
982 4633 1119 4712 Cetera
1145 4653 1291 4734 quoque
1319 4653 1463 4729 omnia,
1489 4657 1573 4737 quae
1594 4636 1742 4759 adexj

157 4726 529 4833 wirhall·
759 4766 797 4867 x·
927 4726 961 4809 ll
1105 4798 1119 4813 ,
1533 4746 1687 4813 aar·
