3922 5176
118 510 263 592 mnata
281 508 490 588 ordinatiore
551 511 603 588 tos
620 511 713 589 datis
732 508 858 587 duobus
874 516 1015 606 florenis
1037 540 1102 611 pro
1117 513 1204 614 fisco
1229 513 1282 590 die
1306 516 1422 613 quinto
1438 507 1616 592 deconbrir
1629 513 1745 616 mmfir

119 614 329 784 πππ
342 534 654 803 aissa:
669 608 1411 806 anastasianam
1431 610 1612 784 πππ
1631 613 1744 784 ππ

118 805 216 902 first.
243 761 338 879 'Sed
358 805 437 899 quso
459 816 538 878 tono
553 828 633 878 occo
646 807 714 879 itur
728 827 794 876 non
806 733 899 897 firigt,
917 705 1161 903 geronemque
1175 806 1221 878 od
1234 735 1356 881 esernin
1370 831 1435 879 non
1452 734 1551 897 sessi,
1576 808 1652 879 item
1664 736 1744 902 ostis

124 899 286 999 cursorem
307 925 365 974 nec
384 899 437 974 sic
457 924 514 973 nec
529 901 653 999 porr'fis
674 898 825 985 audivit,
857 899 910 974 od
924 901 1167 1000 suscipiendum
1213 905 1383 977 uontocr'ur
1409 900 1556 976 ordinem
1583 903 1743 977 necesita-

124 1011 179 1074 ηπ
196 996 245 1071 od
256 994 512 1091 faciendumque
531 1000 714 1095 samonem
738 995 787 1070 od
811 995 934 1070 cirrum
955 999 1026 1096 ipso
1050 1001 1104 1073 dir
1125 928 1291 1074 iusserim
1318 1024 1410 1096 quem
1432 997 1473 1074 ss
1486 999 1582 1092 serit.
1659 997 1744 1074 lom

125 1093 174 1171 od
198 1091 398 1169 audiendum
421 1092 486 1168 disi
509 1107 599 1168 enter
621 1119 732 1190 ηιςνπι
748 1093 912 1186 sedersiei
927 1095 965 1168 ia
991 1096 1089 1193 curfir
1127 1122 1169 1171 no
1190 1121 1283 1192 quem
1298 1096 1489 1191 tautologia,
1505 1093 1659 1188 facultas
1673 1120 1743 1168 eum

121 1192 232 1267 uoluit
257 1189 413 1288 obligari.
502 1190 556 1265 &a
579 1191 707 1266 eadem
728 1191 775 1266 ad
801 1213 936 1266 annum
969 1217 984 1266 1
1039 1220 1078 1290 7,
1127 1193 1268 1268 ohanne
1290 1193 1335 1266 de
1356 1190 1492 1266 Adorss
1511 1204 1638 1288 quarta
1668 1189 1744 1286 jam

123 1289 205 1365 vice
227 1286 451 1363 Decanatum
472 1300 638 1381 gerente,
667 1310 734 1362 nos
756 1287 906 1373 docent,
928 1218 1085 1363 eundem
1138 1291 1292 1375 icolaum
1307 1287 1645 1364 deGunzenhausen
1660 1312 1744 1363 cum

126 1383 294 1461 consensu
329 1383 358 1456 F
359 1384 524 1458 acuitatis
552 1381 784 1479 Theologicae
809 1407 903 1458 anno
925 1385 1054 1460 eodem
1076 1386 1244 1461 leih‘ones
1266 1385 1342 1460 suas
1365 1386 1401 1458 in
1422 1383 1532 1459 libros
1551 1384 1744 1459 sententia·

102 1486 227 1565 snum.
261 1479 336 1576 jam
355 1492 440 1554 ante
460 1479 667 1564 inchoatas,
696 1478 922 1561 continuasse.
984 1477 1094 1581 Anno
1122 1496 1224 1578 ¹478·
1248 1481 1296 1555 ad
1324 1481 1527 1556 Concilium
1550 1479 1744 1556 Facultatis

126 1577 293 1656 unsticae
329 1599 410 1650 cum
439 1576 599 1672 pluribus
625 1576 709 1652 aliis
736 1576 941 1672 adsumptus
966 1578 1016 1653 est
1043 1576 1207 1652 Mecinus
1232 1574 1392 1651 iinssoris
1414 1576 1455 1649 de
1473 1574 1744 1674 garamanno,

85 1725 92 1748 ,
127 1688 171 1753 ut
193 1673 231 1747 in
252 1672 337 1748 asiis
362 1672 579 1747 authenticis
600 1671 764 1768 ejusdem
786 1671 966 1751 facultatis
980 1675 1167 1751 adnotavit
1179 1675 1241 1750 Ma
1270 1674 1347 1748 'ster
1363 1673 1601 1769 Wolsgangus
1617 1672 1744 1759 Oeder,

128 1781 216 1847 nme
237 1772 411 1844 Decanus.
489 1769 630 1844 Eodem
658 1766 766 1843 Anno
792 1769 926 1845 Restor
948 1767 1159 1847 Academiae
1183 1772 1239 1845 ele
1296 1770 1400 1853 sest,
1427 1772 1528 1845 utin
1547 1767 1746 1845 Annalibus
1881 1796 1885 1802 ·

128 1860 305 1944 Academ.
326 1865 610 1959 ingolstadiensis
631 1865 679 1940 ad
701 1866 785 1941 ha.
812 1865 953 1960 legitur.
1008 1866 1107 1940 Nihil
1125 1869 1171 1943 de
1192 1890 1236 1941 eo
1256 1867 1445 1963 posthunc
1466 1887 1599 1940 annum
1621 1887 1747 1940 occur·

128 1964 177 2042 rit
195 1966 232 2039 in
246 1962 333 2037 anis
347 1962 596 2057 Theologicae,
624 1960 943 2059 philosophicaeque
965 1963 1175 2039 acuatum
1191 1961 1249 2037 seu
1269 1962 1393 2047 editis,
1418 1962 1477 2038 seu
1494 1960 1747 2073 manuscriptis,

153 2082 212 2135 uae
237 2058 424 2151 diiigenter
442 2059 576 2143 evolvi,
619 2078 733 2153 usque
755 2057 802 2133 ad
829 2080 961 2134 armum
984 2084 1000 2133 1
1031 2080 1095 2152 95,
1124 2080 1196 2156 quo
1216 2059 1360 2154 quidem
1378 2081 1463 2133 eum
1485 2059 1749 2152 cumpluribus

118 2084 209 2236 dus
233 2155 431 2265 academiae
450 2154 575 2265 nosirae
591 2154 820 2240 Dostoribus,
844 2154 882 2231 dr
899 2082 1079 2249 mugiistis
1147 2154 1195 2229 ste
1216 2154 1416 2248 ingolstadii
1435 2153 1608 2263 grassante
1630 2150 1749 2227 obiisse

127 2277 180 2330 ex
200 2252 285 2329 aihs
314 2250 568 2348 Phnosopncae
588 2251 766 2327 faurltatis
785 2275 853 2326 nos
874 2251 982 2325 docet
1002 2250 1056 2324 Cl.
1118 2251 1247 2333 ederet
1270 2252 1308 2323 in
1330 2246 1528 2324 Annahbus
1553 2246 1668 2325 Acad.
1691 2248 1749 2324 In·
1829 2285 1832 2290 ·

139 2349 231 2425 olii.
252 2349 292 2423 P.
310 2346 337 2419 Ι.
362 2370 442 2444 pag.
465 2370 524 2443 45.
587 2347 688 2423 Idem
712 2370 815 2432 eum,
838 2347 970 2422 iisdem
992 2369 1040 2420 ex
1064 2345 1151 2421 aitis
1173 2345 1335 2426 edusius.
1363 2358 1442 2420 tum
1464 2344 1611 2441 quidem
1630 2344 1748 2419 Theo·

196 2446 204 2460 ⁰
262 2442 471 2528 Doiiorem
499 2444 537 2520 dc
554 2443 851 2520 concionatorem
873 2442 1168 2518 Ratisbone‘nsem
1189 2439 1286 2516 fuisse
1304 2441 1565 2518 animadvertit
1614 2443 1750 2519 Verum

97 2558 102 2568 '
133 2539 550 2635 ann01491.Nicolaus
570 2539 688 2615 noster
711 2537 983 2634 Bambergensrs
1012 2537 1179 2614 Ecclesiae
1205 2537 1426 2614 Praedicator
1452 2538 1530 2613 fuit.
1608 2536 1669 2611 Id·
1683 2557 1751 2610 nos

131 2637 437 2748 docetnjohannis
458 2636 701 2748 Beckeubaub
724 2633 880 2748 Epistola
902 2635 1122 2711 dedicatoria
1143 2635 1484 2747 commentariorum
1506 2634 1544 2709 S.
1562 2632 1752 2745 Bonaven·

133 2749 229 2910 tii
247 2732 1083 2940 siis‘hhsihttsssiaass
1097 2727 1755 2939 hisiaffthmasihh

134 2952 183 3005 ao
205 2925 350 3001 Nacoioo
400 2923 515 2999 mani
528 2923 569 2997 de
587 2921 851 3035 Goazeohousm
872 2923 1060 3021 Imperiolis
1080 2921 1183 2999 Eccie
1207 2945 1235 3000 a
1257 2919 1506 3021 Bombrrgensts
1519 2922 1753 3007 Prodicoron,

136 3039 182 3101 ut
202 3021 323 3132 videre
344 3019 394 3094 est
419 3021 532 3190 aput,
540 3019 694 3096 Weislin
720 3042 759 3093 er
782 3042 822 3131 ,¹¹¹
845 3015 1134 3131 hrmanrentario
1194 3020 1305 3130 athos.
1327 3041 1408 3115 pag.
1441 3029 1522 3115 5⁶4·
1587 3017 1754 3114 Epistoiae

138 3122 224 3202 huic
245 3117 470 3194 dedicatonae
532 3118 650 3192 bnexa
672 3045 722 3191 es
745 3113 884 3190 Nrcolu
906 3114 1080 3190 Truiions
1108 3115 1319 3211 responsona
1342 3115 1557 3212 Bambergae
1584 3115 1670 3189 data
1691 3136 1756 3189 an·
1859 3192 1863 3201 ¹

136 3242 190 3297 no
212 3241 313 3314 1491.
337 3214 393 3287 die
416 3237 449 3286 2.
465 3213 597 3289 Martii.
648 3215 852 3304 Quoanno,
876 3212 957 3300 ubi,
976 3232 1048 3310 quo
1071 3224 1311 3310 promovente
1329 3210 1522 3290 duitoralia
1541 3210 1758 3309 insignan-

134 3317 293 3413 oeperit,
321 3311 475 3408 reperire
494 3309 664 3388 labienus
685 3332 760 3386 non
774 3309 886 3411 potui

80 3614 83 3619 ·
139 3568 302 3667 XXXI.
337 3567 463 3660 Libri
485 3569 677 3689 quinque
706 3568 901 3659 Cononis
925 3569 1170 3661 Avieennae
1203 3569 1478 3659 cum-libello
1507 3567 1562 3656 de
1590 3565 1758 3656 viribus

123 3710 126 3714 ’
181 3856 183 3858 V
261 3682 852 3910 {ioggifflgruiignkauitoris
885 3682 1090 3779 Veneriis
1122 3710 1201 3802 per
1229 3683 1404 3829 Petrum
1430 3678 1674 3774 Mauser&
1697 3676 1761 3767 io·

142 4034 147 4044 ·
308 3990 408 4068 Libri
430 3992 583 4088 qunque
603 3992 752 4068 canonis
775 4014 861 4068 cum
883 3991 974 4070 aiter
992 3996 1038 4071 ab
1066 3993 1197 4081 altero,
1227 4003 1306 4068 tum
1329 3985 1431 4068 simul
1452 4008 1579 4067 omnes
1603 3981 1765 4065 aiibeiso

141 4093 199 4170 de
220 4091 350 4168 viribus
372 4090 491 4164 cordis
515 4089 684 4187 separari,
714 4088 752 4165 dt
766 4087 906 4166 seorsnn
928 4091 1051 4167 haberi
1070 4092 1218 4189 possunt.
1266 4089 1415 4165 Habent
1430 4088 1553 4184 strig'uii
1570 4096 1585 4106 ’“
1598 4084 1768 4162 eutiiares
1922 4112 1928 4117 ·

142 4188 433 4285 subscriptiones.
461 4211 494 4262 e.
511 4210 546 4284 g.
572 4185 801 4287 Expieturefl
824 4183 908 4260 siber
922 4186 1021 4284 panos
1041 4189 1177 4264 canoris
1199 4191 1260 4285 poi
1288 4179 1387 4284 propr
1408 4182 1518 4260 Abosi
1532 4111 1717 4292 Asiosceai
1724 4174 1768 4251 da

151 4285 316 4363 medicina
341 4281 454 4357 edidit.
532 4284 774 4382 inscriptiones
801 4281 1018 4379 finguiorum
1037 4289 1053 4372 s
1063 4298 1215 4383 excepto
1244 4283 1362 4359 libello
1390 4283 1436 4357 de
1460 4282 1594 4356 viribus
1621 4274 1770 4368 cordis)

155 4384 236 4458 sunt
256 4381 361 4456 rubro
385 4379 502 4455 colore
524 4379 712 4479 impressae.
778 4380 818 4456 ln
839 4380 911 4456 fine
933 4382 1009 4456 libri
1028 4382 1138 4480 quinti
1165 4382 1245 4456 haec
1267 4380 1444 4456 habentur
1464 4371 1642 4473 impressa:
1669 4368 1748 4446 An

151 4476 339 4570 opsementri
357 4470 438 4549 iibri
460 4477 617 4587 qnintsq-
634 4477 717 4552 dicit
741 4475 950 4553 antidotariis
972 4475 1049 4554 iibri
1075 4480 1160 4552 toti’
1175 4477 1310 4550 cononis
1322 4474 1412 4574 sonis
1434 4475 1523 4570 regis
1538 4468 1651 4546 oboosi
1663 4467 1706 4566 sao
1734 4491 1774 4539 ea

152 4573 229 4677 fisis
249 4572 321 4654 bosi
343 4568 507 4673 abirrscmi
522 4575 617 4650 caios
639 4574 818 4677 optimum
840 4588 928 4653 toros
952 4572 1007 4677 ish
1028 4573 1111 4654 siber
1121 4574 1246 4674 finitas
1266 4576 1306 4675 est
1314 4568 1418 4672 firmo
1438 4595 1481 4645 ac
1496 4565 1652 4738 diligar&
1672 4589 1776 4640 emen·

1645 4678 1730 4741 aius.
