3892 5182
150 300 234 399 168
770 284 1123 406 ’ψ

150 496 247 592 fredi
279 492 358 573 loci
375 495 440 572 cit.
464 515 548 592 pag.
574 516 656 595 397.
687 492 797 570 aliam
828 494 1027 580 excitavit,
1060 494 1199 592 pariter
1226 506 1315 569 nota
1327 492 1448 593 pinni.
1477 491 1575 581 loci,
1595 490 1635 573 ἀ
1662 504 1779 593 typo·

153 593 286 699 graphi
307 607 496 671 carentem
516 594 557 669 in
579 619 614 690 4.
639 613 724 691 quae
742 594 844 671 foliis
868 605 1014 669 tantum
1040 614 1090 689 72
1110 590 1263 671 constat

63 930 68 937 ,
157 818 393 919 chvrt.
427 812 598 1021 &polu
619 808 915 929 chrysostomi
958 812 1005 929 1)
1041 812 1246 902 Homiliae
1276 814 1318 901 in
1338 812 1528 909 Psalmos
1549 812 1784 937 quosdam,

54 990 57 995 ·
270 963 357 1028 nec
383 960 473 1021 non
548 933 641 1021 alisae
661 957 843 1019 numero
869 926 1007 1019 th.
1050 927 1101 1041 2)
1133 927 1257 1017 Libri
1286 933 1372 1017 duo
1398 936 1453 1022 de
1474 930 1782 1051 compunslio·

276 1080 349 1143 rie.
408 1051 459 1163 3)
491 1046 628 1250 lsaiber
653 1050 708 1135 de
731 1041 1285 1249 reparationelLapliglcui
1313 1050 1480 1138 adnexu
1503 1050 1561 1139 est
1589 1047 1784 1179 narratio

126 1370 129 1377 ,
279 1167 500 1415 stris
514 1184 642 1393 ur
660 1164 867 1411 ssu
887 1162 1285 1391 rrrssrrs
1317 1160 1787 1371 urrisu}

209 1514 214 1521 Ι
278 1398 496 1493 Muciano
529 1390 798 1483 Scholastico
824 1411 1076 1505 interprete.
1138 1390 1187 1501 6)
1215 1389 1450 1485 Sermones
1475 1422 1531 1507 25
1555 1397 1736 1485 noviter
1760 1414 1788 1477 e

279 1538 420 1631 greco
445 1513 491 1600 iu
514 1511 697 1601 latinum
723 1504 949 1597 Traducli.
980 1507 1024 1595 iu
1054 1502 1149 1633 Nol
1187 1506 1289 1593 min.

183 1734 189 1745 .
320 1710 458 1795 Omnia
485 1708 567 1787 hec
588 1728 701 1804 opera
721 1704 801 1781 sunt
826 1703 960 1779 iisdem
976 1703 1078 1799 typis
1093 1702 1273 1801 impressa.
1322 1706 1445 1794 Quare
1463 1732 1511 1783 ex
1530 1706 1661 1785 eadem
1678 1718 1792 1807 typo-

165 1811 505 2006 sessis.
525 1801 1792 2001 iussissesrisurusrrr.susurris

165 2006 294 2113 p'olitae
357 2008 504 2084 hiteras
527 2002 689 2081 initiales
715 2022 868 2098 magnas
893 1999 994 2097 ligno
1017 1998 1146 2075 incisas
1166 2001 1420 2101 typographus
1445 1960 1658 2103 plerumque
1685 2004 1791 2103 adje.

168 2115 238 2204 cit;
267 2108 360 2207 laepe
388 2120 515 2183 tamen
532 2100 670 2187 omisit,
693 2102 731 2178 ὅ(
750 2099 937 2175 interdum
960 2118 1093 2195 parvas
1119 2099 1295 2173 adliibuit.
1348 2100 1543 2187 Custodes,
1569 2104 1789 2199 paginarum

168 2209 332 2294 numeri,
365 2207 405 2285 &
428 2196 682 2313 inscriptiones
704 2197 843 2274 desunt.
896 2196 1047 2293 Paginae
1068 2192 1217 2291 fingulae
1232 2197 1270 2271 in
1287 2197 1380 2272 duas
1403 2199 1593 2275 columnas
1614 2200 1790 2281 distintiae

168 2308 261 2388 sunt.
313 2302 438 2382 Prima
451 2301 561 2400 primi
575 2298 654 2375 folii
676 2292 830 2395 impressi
852 2294 986 2392 pagina
1008 2316 1126 2373 vacua
1148 2293 1217 2380 est,
1239 2295 1362 2371 aversa
1386 2314 1510 2372 autern
1532 2298 1790 2395 capitulorum,

169 2406 229 2485 seu
247 2404 516 2487 Homiliarum,
540 2398 769 2494 aliorumque
786 2417 957 2494 operum,
985 2414 1068 2490 quae
1088 2394 1252 2469 numeris
1270 2420 1299 2469 1.
1319 2421 1349 2470 2.
1368 2422 1401 2493 3.
1418 2396 1674 2494 compre‘lieusa
1697 2386 1789 2489 sun't.

171 2506 333 2583 indicem
356 2501 520 2578 exhibet.
572 2497 614 2571 ln
636 2494 758 2571 nostro
782 2493 985 2588 exemplari
1006 2514 1054 2566 ex
1081 2514 1205 2567 errore
1228 2490 1436 2591 Bibliopegi
1459 2517 1570 2593 opera
1591 2494 1637 2571 N.
1655 2521 1686 2571 2.
1701 2498 1741 2575 tic
1755 2522 1789 2595 3.

169 2604 343 2681 ultimum
369 2596 570 2675 voluminis
596 2595 720 2669 locum
743 2604 944 2687 occupant3
968 2590 1007 2665 lit
1029 2610 1112 2686 quae
1128 2590 1178 2665 'in
1193 2590 1315 2666 indice
1344 2592 1475 2667 ultimo
1500 2593 1581 2669 loco
1605 2595 1793 2681 indicatur

171 2700 339 2779 Homilra
364 2700 410 2773 de
431 2692 671 2777 Herodiade,
708 2687 886 2787 praemissa
910 2687 960 2763 est
983 2685 1056 2762 fine
1076 2687 1152 2761 ullo
1176 2688 1285 2763 titulo
1310 2690 1412 2764 libris
1437 2690 1704 2788 comprehensis
1729 2692 1793 2771 sula

171 2798 255 2879 NN.
280 2822 312 2870 2.
329 2797 367 2874 &
388 2820 422 2890 3.
447 2792 507 2868 seu
530 2789 745 2868 immediate
772 2809 918 2862 annexa
949 2784 1113 2860 Homilis
1139 2785 1233 2862 aliis.
1291 2788 1466 2863 Homiliae
1487 2790 1533 2865 N.
1557 2816 1585 2865 1,
1610 2792 1793 2868 tredecim

169 2896 401 2997 plagularuni
423 2889 604 2969 fascicuis
623 2883 892 2984 comprehensae
916 2881 1015 2968 sunt,
1042 2881 1193 2981 signatis
1219 2881 1309 2960 A·
1328 2884 1374 2962 N.
1426 2888 1522 2964 Sunt
1546 2912 1675 2964 omnes
1701 2912 1793 2987 qua·

172 2996 291 3081 terni,
319 3002 477 3090 excepto
498 2989 650 3073 ultimo,
680 2984 743 3083 qui
760 2982 950 3060 [externus
971 2980 1033 3059 est.
1083 2982 1185 3057 Libri
1200 2983 1247 3059 de
1262 2984 1478 3060 Sacerdo'tio
1499 2987 1599 3063 soliis
1616 2992 1662 3084 36
1690 3010 1794 3079 com·

172 3089 337 3195 prehensi
361 3103 488 3167 carent
509 3084 713 3184 signaturis.
777 3082 901 3158 Prima
921 3082 1056 3179 pagina
1076 3078 1259 3178 sequentis
1282 3084 1403 3179 operis
1431 3108 1549 3159 vacua
1570 3085 1640 3173 est,
1664 3084 1794 3169 avers,

173 3205 299 3271 autem
323 3189 485 3266 tabulam
509 3186 660 3263 exhibet
685 3182 933 3257 materiarum.
983 3176 1109 3276 Atque
1131 3180 1203 3253 hoc
1227 3181 1374 3277 quidem
1388 3182 1518 3259 folium
1535 3184 1673 3282 pariter
1687 3198 1793 3263 caret

173 3290 368 3390 signatura.
422 3284 625 3384 Sequentia
652 3303 741 3357 vero
769 3280 840 3354 tria
860 3276 999 3375 signata
1021 3277 1102 3353 sunt
1123 3280 1286 3354 numeris
1316 3306 1345 3355 i.
1364 3306 1394 3355 2.
1412 3306 1445 3376 3.
1498 3282 1602 3358 Folia
1630 3306 1795 3373 nonunt,

174 3390 380 3476 decimum,
409 3385 647 3463 undecimum
671 3379 710 3461 δι
734 3378 994 3453 duodecimum
1025 3376 1190 3451 numeris
1218 3401 1252 3476 4
1280 3400 1314 3473 5,
1346 3386 1379 3455 ο,
1403 3403 1437 3469 7,
1472 3380 1510 3458 ἃ
1537 3380 1583 3457 fic
1605 3382 1795 3483 deinceps·

176 3583 369 3683 consequeris
394 3582 509 3658 rotalis
530 3577 727 3656 comentariu
763 3572 850 3650 arrii
869 3569 1047 3679 ffosramiis
1065 3569 1204 3671 episcopi
1226 3571 1557 3676 Cisinntinopositaai
1578 3588 1795 3691 cognomario

176 3485 239 3563 Aa
264 3486 404 3562 calcem
427 3485 551 3582 operis
577 3478 688 3578 hujus
712 3476 748 3552 le
800 3490 886 3550 ntur
905 3474 1119 3588 sequentias
1139 3472 1300 3589 Explicit
1327 3473 1457 3552 Ocresia
1474 3480 1621 3579 xxxiiij.
1658 3478 1713 3555 Et
1730 3502 1795 3585 pcc

179 3680 366 3783 Ciifirstomi
386 3683 422 3755 in
446 3678 609 3779 epistolem
631 3674 718 3751 beuti
740 3499 844 3747 {susi
864 3671 1001 3843 apostoli
1023 3670 1072 3747 ud
1088 3668 1230 3746 srebrcor.
1282 3672 1521 3751 Sermonibus
1537 3678 1669 3773 viginti
1686 3676 1795 3849 puin·

177 3804 248 3879 que
271 3778 419 3855 noviter
441 3798 600 3873 egraeco
623 3772 813 3850 translatis
836 3772 957 3845 nulus
980 3771 1132 3847 omnino
1155 3767 1330 3865 praefixus
1346 3773 1394 3847 ell
1418 3776 1548 3850 titulus
1565 3790 1630 3850 aut
1643 3776 1683 3851 iu
1699 3776 1798 3875 crip-

175 3882 242 3954 rio.
292 3876 551 3954 Terminantur
574 3886 699 3949 autem
721 3872 791 3945 hac
815 3868 1089 3964 subscriptione:
1126 3866 1305 3968 Explicuit
1317 3869 1482 3965 sumeres
1503 3868 1684 3980 Joiannis
1713 3870 1797 3952 Cri·

168 3974 302 4081 soslocri
318 4000 454 4056 samem
475 3970 603 4054 XXV.
627 3970 756 4050 nouiter
779 3966 821 4045 rie
843 3991 942 4071 greco
965 3966 1002 4043 iri
1028 3965 1169 4043 surram
1199 3965 1353 4055 trudadi.
1517 4070 1522 4077 Ι
