3922 5176
814 267 1139 395 ss

311 504 325 525 ae
430 494 434 499 ·
524 474 611 585 Qua
624 476 839 680 gemmaria
857 478 945 553 notis
963 477 1076 575 suern
1096 473 1328 655 nimaina.
1341 474 1462 580 inpie
1487 470 1568 573 (fic)
1649 596 1652 601 Ι

658 599 750 653 naar
778 590 815 652 ot.
845 575 957 652 exiiir.
981 575 1123 677 denfiane
1279 601 1356 653 eree.

527 674 702 781 Postmodo
720 676 778 776 qni
796 675 908 773 suerit
934 687 1035 773 grato
1048 678 1085 851 f
1103 672 1260 751 edmadnr
1279 672 1350 773 nse.

622 774 701 851 Har
727 799 850 850 memor
871 770 1006 875 affrdais
1020 799 1047 874 p
1060 772 1193 875 enfibnr
1213 771 1271 849 ede
1288 797 1420 872 precer.-

525 869 672 975 Artistci
685 870 817 972 ¹seraper
834 872 981 969 seaeant
999 874 1061 972 pia
1082 874 1220 951 nonina
1257 869 1352 948 antio

630 970 737 1049 Vtilis
760 973 892 1073 effluxit
917 974 1012 1047 eninr
1030 968 1074 1048 ab
1098 996 1179 1048 arce
1201 968 1289 1074 (rc)
1309 966 1408 1046 iiber.

158 1068 253 1151 Post
275 1070 358 1149 haea
381 1071 532 1163 demum
555 1067 718 1169 sequitur
741 1072 914 1175 registrum
935 1066 1188 1181 (chartarum)
1211 1068 1311 1148 baias
1334 1066 1426 1146 iibri.

166 1282 294 1381 XVI.
328 1273 549 1373 ancisci
564 1274 687 1385 Nigri
700 1275 993 1367 Grammatico
1019 1274 1169 1375 letina.
1230 1275 1438 1373 Veneriis
1462 1232 1543 1391 per
1562 1256 1798 1367 Lucilium

58 1392 61 1397 ’
284 1400 515 1502 Santram,
547 1390 907 1483 &Theodorum
931 1389 1313 1508 Herbipolensem.
1351 1406 1476 1505 1480.
1506 1391 1553 1481 in
1578 1408 1672 1503 4to.

335 1593 523 1672 Instante
547 1590 670 1689 operis
695 1589 737 1666 P.
756 1588 955 1691 Franciscns
975 1590 1099 1692 Mger.
1124 1590 1175 1670 A.
1206 1591 1362 1670 Venetas.
1386 1585 1561 1667 Sacerdos.
1581 1586 1791 1687 aaronque

170 1692 297 1780 Dabar
317 1688 497 1772 Leanardo
517 1691 640 1767 Botta.
680 1688 851 1794 Equestris
876 1688 1018 1767 Ordinis
1048 1688 1135 1767 Vara
1163 1691 1233 1768 Pro
1260 1688 1504 1791 Mediolanenfi
1535 1686 1642 1765 Duce.
1679 1686 1720 1763 A

175 1797 338 1879 Venetam
367 1789 527 1870 Senatum
559 1786 701 1865 Oratari
727 1786 970 1904 Facundiffimo
1001 1786 1302 1966 Sapientqinoqae
1326 1786 1564 1867 Foetieitatem.
1625 1786 1693 1884 Ep'
1727 1785 1791 1863 ola

169 1897 253 1978 haec
282 1888 510 1969 dedicatoria
533 1887 753 1963 terminatur
772 1887 812 1963 in
834 1910 952 1985 proma
971 1902 1105 1986 pegma
1118 1889 1156 1966 fo
1171 1891 1199 1967 ii
1213 1892 1335 1978 terrii,
1365 1890 1463 1965 linea
1476 1893 1510 1965 b.
1561 1884 1657 1963 Tum
1672 1884 1789 1982 ipsum

60 2062 65 2075 ,
169 1992 385 2076 immediate
410 1985 540 2084 incipit
566 2007 659 2082 opus
686 1986 970 2082 grammaticum
994 1988 1034 2062 in
1060 1989 1190 2065 decem
1213 1989 1327 2065 libros
1357 1982 1513 2066 divisum
1531 2006 1693 2083 querum
1706 1980 1791 2061 Pri·

94 2166 100 2175 ,
170 2117 245 2171 nens
267 2088 376 2192 (sunt
400 2085 514 2169 verba
534 2081 644 2181 ipsms
675 2084 833 2159 auitoris
862 2109 910 2161 ex
942 2083 1092 2183 epistola
1126 2086 1353 2163 dedicatoria
1375 2081 1621 2183 deprompta)
1648 2080 1690 2157 de
1711 2100 1794 2175 noce

198 2189 384 2268 rimatica:
413 2181 455 2263 Θ
474 2184 543 2257 eins
564 2176 721 2280 partibor
745 2180 783 2255 di
792 2180 936 2280 potabit.
987 2180 1159 2260 Secundus
1179 2184 1248 2261 oda
1267 2198 1381 2285 partes
1399 2186 1529 2264 aionis:
1555 2180 1596 2260 &
1609 2192 1682 2271 eane
1697 2180 1791 2257 acci·

169 2218 284 2369 intio
297 2278 461 2363 attinebit.
503 2276 634 2356 Tertiae
652 2279 762 2383 iggisc
784 2293 892 2356 emata
906 2280 1124 2383 demostrabit.
1167 2280 1320 2457 §nortae
1333 2285 1542 2385 grdnatiear
1558 2276 1803 2383 ciflmdianer'

171 2386 350 2489 &militae
365 2376 571 2481 explanabit.
612 2377 735 2481 Qaitns
750 2377 884 2455 dicendi
894 2380 943 2455 ede
965 2380 1093 2455 aetiam
1106 2378 1173 2457 ban
1211 2379 1345 2481 difficile
1362 2380 1500 2460 docebit.
1543 2376 1788 2477 Sentorspda·

172 2486 290 2567 barnan
305 2483 490 2583 quantitati
501 2479 662 2553 metietur.
703 2476 922 2577 Septimnr'sq
967 2490 1182 2569 baccentnr:
1198 2470 1570 2583 arcanniipaniiandi
1581 2475 1788 2553 mancare·-

164 2580 320 2690 pdicabit.
371 2576 516 2656 oaooos
530 2576 715 2650 carminata
772 2576 905 2651 aditater
923 2575 965 2651 dt
987 2575 1117 2675 gnabit.
1162 2578 1284 2655 Nonas
1301 2578 1403 2678 ipsoit
1420 2582 1582 2658 narirtati
1595 2575 1786 2679 distinguet.

168 2684 567 2786 Postremnspoetarnma
625 2600 922 2772 'antiiibendiss
960 2676 1368 2775 iaerfitatiromptrtirtnr.
1389 2682 1545 2758 Litterae
1560 2675 1641 2752 sunt
1654 2688 1789 2753 ramn-

169 2784 230 2861 dae
245 2778 520 2880 perelegantes,
539 2797 561 2847 c
586 2784 667 2846 arta
680 2771 781 2858 alba,
796 2774 933 2849 munda
947 2770 987 2851 de
998 2772 1114 2850 firma.
1132 2776 1265 2851 Desunt
1279 2777 1465 2869 custodes,
1481 2775 1700 2877 paginarum
1713 2796 1788 2850 nu·

167 2880 281 2965 meri,
323 2875 362 2953 δι
387 2870 587 2948 earundem
603 2869 884 2970 inscriptiones,
924 2896 992 2949 nec
1017 2896 1089 2948 non
1114 2874 1250 2951 litterae
1276 2877 1453 2955 librorum
1478 2872 1652 2954 initiales.
1703 2868 1792 2948 Ad·

167 2979 250 3059 sunt
274 2997 363 3051 vero
385 2969 590 3068 fignaturae'.
642 2965 704 3044 Ad
726 2968 864 3045 calcem
887 2971 1020 3047 decimi
1044 2970 1125 3048 libri
1152 2975 1371 3069 capitalibus
1386 2976 1524 3054 litteris
1544 2966 1708 3069 impreda
1732 2966 1788 3048 le·

169 3090 307 3176 guntur
338 3071 544 3168 sequentia:
584 3064 744 3165 Explicit
773 3067 879 3145 Liber
905 3069 1067 3149 ¹Decimae
1101 3069 1153 3146 Et
1182 3071 1332 3149 Vltimus
1358 3074 1415 3150 De
1436 3075 1591 3151 Poemate
1612 3066 1664 3145 Et
1691 3058 1793 3170 Poefi

167 3174 226 3255 Ac
249 3171 427 3249 Portarum
461 3164 589 3263 Officia.
672 3165 754 3241 Post
787 3167 868 3244 haec
904 3167 1061 3246 audiaris
1084 3168 1244 3266 sequitur
1263 3170 1438 3249 Peroratio
1455 3175 1502 3252 ad
1523 3167 1788 3247 Leonhardum

167 3274 351 3356 Bottam,
391 3269 430 3343 in
459 3286 530 3362 qua
550 3264 722 3352 testatur,
752 3290 816 3340 non
831 3266 904 3366 stne
925 3267 1040 3364 atiquo
1064 3271 1249 3348 animorum
1277 3275 1479 3349 contentione
1506 3266 1690 3367 absolutum
1712 3264 1784 3343 eise

57 3442 60 3447 .
166 3374 373 3466 hocopus,
405 3364 625 3463 quibusdam
652 3362 788 3440 scilicet
813 3366 850 3441 id
878 3366 1180 3463 improbantibus.
1230 3368 1340 3449 Hanc
1357 3373 1499 3470 excipit
1518 3390 1687 3452 carmen,
1708 3384 1785 3461 qua

171 3468 209 3547 C.
234 3465 395 3575 joannes
421 3462 576 3539 latcilins
590 3459 777 3540 Santrer'ter
792 3461 833 3537 de
843 3462 949 3540 Fonte
964 3462 1098 3543 Salutis
1104 3464 1362 3571 ,·(t)enibrann)
1386 3468 1507 3547 omnib.
1522 3464 1678 3571 potions
1695 3458 1788 3545 oda

168 3564 330 3669 lescentib.
350 3563 535 3660 foetieitott
556 3560 649 3638 dicit.
723 3562 889 3661 Exponit
911 3577 1037 3641 autem
1058 3564 1129 3640 hoc
1152 3568 1315 3643 carmine
1337 3591 1409 3666 qua
1431 3571 1576 3647 ratione
1597 3588 1645 3640 ex
1664 3557 1787 3660 patria

165 3667 228 3745 sua
252 3663 430 3743 Venetiae
449 3659 613 3746 venerit,
645 3658 684 3738 da
707 3683 729 3736 a
753 3660 944 3739 Francit'co
973 3663 1095 3760 operis
1121 3662 1250 3761 hujus,
1285 3682 1328 3741 ut
1353 3670 1521 3754 videtur,
1548 3662 1695 3741 aunone
1715 3660 1788 3734 ho·

165 3765 272 3865 spitio
296 3761 521 3861 perhumane
555 3774 732 3854 exceptus
767 3759 1021 3858 imprimendis
1055 3760 1159 3837 libris
1194 3786 1343 3859 operam
1366 3780 1508 3843 'navare
1536 3759 1697 3860 ceperit,
1722 3756 1786 3847 &‚

164 3860 476 3964 quemadmodum
495 3881 569 3933 non
590 3854 738 3932 obscure
757 3856 931 3945 infinum,
958 3860 1078 3958 primo
1099 3860 1265 3937 omnium
1288 3862 1384 3939 banc
1406 3862 1690 3962 grammaticam
1711 3856 1787 3937 in·

163 3960 338 4064 prederit.
388 3957 461 4036 His
484 3952 645 4033 versibus
669 3951 849 4053 subjunt'ta
872 3957 954 4035 sunt
980 3957 1054 4034 duo
1076 3958 1214 4055 dystica
1235 3963 1283 4036 ad
1305 3960 1497 4042 letiorem:

293 4130 299 4143 ,
373 4116 380 4127 .
456 4148 461 4153 ,
523 4052 711 4135 Santritter
729 4050 887 4130 beltrano
907 4059 1041 4155 genitor
1060 4056 1198 4158 degente
1219 4061 1353 4135 ioannes

616 4149 792 4230 Lucitas:
814 4156 973 4350 pronfit
994 4170 1185 4255 grammata
1205 4156 1300 4235 totta
1322 4159 1431 4260 nigric

899 4257 970 4329 acia
985 4252 1128 4353 sudare:
1156 4260 1299 4335 laconis.

513 4247 750 4424 Ησόὶβοὶίβῃ
764 4250 864 4370 satas
1386 4340 1390 4349 ,

648 4374 687 4426 ac
704 4363 828 4427 venetas
844 4355 991 4447 fiancnr
1007 4356 1084 4447 sert
1107 4351 1286 4429 tbeodorar
1309 4381 1403 4453 opas.
1625 4384 1628 4389 ·

155 4448 320 4529 Tandem
343 4446 480 4547 legitur
507 4442 634 4523 subscri
662 4450 716 4527 tio
746 4449 915 4548 sequens:
941 4448 1048 4526 Anno
1067 4448 1207 4529 Salutis.
1246 4453 1301 4532 M.
1322 4452 1457 4533 CCCC.
1473 4446 1637 4529 LXXX.
1674 4438 1774 4527 XII.

157 4548 234 4626 cor.
261 4547 380 4649 Aera.
403 4540 608 4673 lmaffl²
705 4568 779 4671 Ιορ
799 4548 1067 4629 racanato
1095 4550 1233 4631 mmo
1262 4550 1642 4635 &amoenorum
1771 4612 1778 4621 .

1561 4703 1715 4800 xva.
1860 4662 1863 4667 ’
