3892 5182
10 1358 14 1399 1
98 1215 366 1424 Cognitio
391 1308 650 1417 Librorum,
689 1304 766 1423 qui
792 1301 866 1396 sub
891 1305 1016 1399 initia
1038 1304 1141 1398 artis
1166 1299 1496 1425 typographica
1516 1310 1715 1427 eiusdem

95 1452 326 1546 beneficio
352 1445 445 1537 sunt
470 1447 580 1535 editi
610 1446 654 1532 in
678 1445 846 1548 lucem,
888 1442 1121 1558 multiplici
1151 1439 1239 1533 sese
1272 1446 1462 1536 utilitate
1495 1477 1718 1542 commen·

104 1591 196 1680 dat.
266 1583 415 1674 Primo
441 1582 558 1672 enirn
584 1576 715 1668 servit
745 1581 799 1668 ad
826 1578 1092 1693 illustrandas
1127 1579 1284 1670 divina
1316 1582 1419 1671 artis
1450 1585 1640 1696 origines
1671 1589 1718 1682 ὅτ

105 1719 373 1844 progressus,
399 1720 475 1809 vel
494 1716 630 1807 hodie
646 1714 785 1804 adhuc
806 1711 951 1829 passim
972 1715 1165 1808 tenebris
1188 1714 1383 1808 obsusos,
1424 1716 1586 1823 'Quem
1607 1751 1734 1817 vero·

105 1857 376 1975 (Germania
397 1852 658 1972 potissimum
689 1853 812 1942 cives
842 1851 1042 1966 adpello)
1076 1853 1151 1942 vei
1174 1852 1343 1967 pigeat,
1384 1857 1459 1945 vel
1474 1885 1577 1959 non
1601 1861 1719 1952 dele·

109 1994 201 2084 ciet
223 2015 514 2106 magnopere,
542 1985 697 2079 rescire
719 1986 989 2093 adcuratius,
1016 1987 1173 2102 quibus
1197 1989 1370 2078 demum
1397 2013 1627 2108 acceptum
1651 2022 1718 2087 ra·

109 2131 227 2223 serre
251 2146 479 2246 oporteat,
520 2125 666 2240 &per
696 2148 808 2238 quos
837 2118 1119 2215 transmissum
1141 2120 1273 2212 fuerit
1300 2128 1353 2215 ad
1387 2128 1584 2243 posteros
1615 2157 1735 2246 prae-a
1795 2190 1799 2199 ι

112 2279 273 2365 clarum
296 2267 407 2356 iilud
425 2264 675 2364 inventum‘,
704 2281 759 2346 ex
788 2285 875 2375 quo
905 2278 975 2347 tot
1004 2261 1238 2352 commoda
1264 2261 1310 2350 in
1327 2263 1722 2380 universum-genua

119 2405 344 2494 humanum
368 2412 616 2501 manarunt,
645 2395 691 2480 δι
717 2411 835 2478 tanta
859 2393 903 2489 io
932 2392 1116 2507 patriam
1134 2392 1321 2484 nostram
1345 2397 1485 2507 gloria
1505 2404 1720 2493 redunda-
1810 2406 1813 2411 ’

114 2545 210 2634 vit?
247 2539 328 2630 Per
358 2535 600 2626 Germanos
631 2529 794 2645 quippe
822 2527 1012 2617 artifices
1035 2529 1080 2619 ar
1104 2528 1356 2640 inventam,
1378 2532 1423 2622 a
1452 2553 1594 2627 totum
1625 2537 1722 2643 sere¹

109 2708 192 2795 per
214 2676 367 2765 orbem
388 2688 668 2786 propagatam
699 2661 820 2753 fuisse
846 2684 980 2763 artem
1007 2666 1391 2782 typographicam,
1422 2691 1568 2782 eruut,
1587 2698 1721 2790 puto,

107 2818 248 2904 hodie
273 2810 449 2927 quidem
475 2801 734 2920 paucissimi,
763 2801 902 2916 quiin
929 2804 1112 2912 dubium
1127 2830 1297 2908 vocares
1317 2806 1463 2895 aufint.
1524 2805 1726 2924 Jureigi·'

106 2972 179 3041 tur
205 2951 254 3039 id
285 2944 463 3034 anobis
487 2935 728 3054 exposcunt
754 2933 944 3046 majores
967 2939 1119 3043 nostri,
1149 2940 1225 3054 qui
1238 2939 1436 3030 divinam
1452 2943 1575 3035 hanc
1588 2969 1726 3037 artem

102 3091 185 3181 vel
206 3087 495 3183 invenerunt,
526 3078 602 3162 vel
624 3089 936 3185 propagarunt,
965 3091 1190 3160 uteorum
1213 3074 1490 3183 memoriam,
1516 3102 1724 3193 quantum

102 3230 154 3319 in
178 3227 308 3314 nobis
336 3221 417 3327 est,
459 3215 512 3304 ab
547 3206 777 3298 oblivione
813 3202 1100 3319 vindicemus.
1175 3211 1245 3296 At
1275 3234 1364 3295 non
1398 3213 1541 3331 nrinus
1581 3238 1724 3332 ceste,
1814 3229 1818 3236 ·

106 3386 245 3482 quarn
279 3356 392 3446 artis.
411 3338 739 3464 typographica
768 3330 1037 3464 inventores!
1058 3337 1330 3454 posterorum
1365 3345 1576 3457 memoria
1606 3345 1725 3464 digni

106 3500 210 3591 sunt
236 3496 324 3601 illi,
355 3513 539 3609 quorum
565 3503 700 3596 opera
721 3475 863 3591 primo
884 3474 964 3563 illo
990 3477 1093 3565 artis
1115 3481 1442 3594 typographica
1457 3477 1612 3574 seculo
1630 3483 1749 3576 sunt,

106 3639 238 3730 edita
269 3635 315 3724 in
347 3629 506 3717 lucem.
580 3611 727 3728 Atqui
762 3612 1048 3729 plurimorum
1081 3613 1254 3702 exiliis
1294 3613 1517 3706 hodiene
1548 3619 1728 3713 nomina

106 3770 293 3889 quidem
316 3758 435 3858 sorte
455 3752 753 3856 nosceremus,
794 3748 870 3835 nisr
897 3737 1032 3863 opera
1064 3772 1238 3853 eorum,
1285 3746 1441 3865 quibus
1473 3777 1554 3867 pro
1593 3757 1724 3867 genio

103 3906 255 4000 saeculi
292 3901 337 3992 ὅτ
368 3896 535 4013 viribus
568 3888 653 3978 suis
682 3888 737 3976 de
766 3881 892 3974 sacris
921 3905 993 3972 aut
1013 3878 1210 3998 profanis
1237 3884 1395 3975 litteris
1421 3887 1541 3979 ¹bene
1566 3888 1726 3982 mereri

100 4025 386 4149 studuerunt,
417 4012 623 4146 typorum
646 4008 865 4114 beneficio
882 4020 1091 4135 „evulgata
1107 4016 1292 4111 fuiffenc
1352 4008 1481 4111 Libri
1496 4027 1612 4115 enim
1636 4055 1726 4120 non

101 4173 246 4297 pauci
271 4166 439 4259 Saeculo
467 4158 568 4253 XV.
592 4153 891 4291 saepiustypis
928 4153 1071 4242 excusi
1101 4149 1265 4241 sarculis
1300 4147 1601 4268 sequentibus,
1633 4183 1727 4271 muf

100 4329 206 4407 tato
235 4305 284 4396 in
310 4300 471 4390 melius
503 4290 776 4421 scientiarum
811 4287 930 4401 gustu
966 4313 1058 4374 non
1091 4286 1276 4403 amplius
1315 4283 1506 4409 suerunt
1526 4289 1726 4402 impressi,

100 4438 260 4565 Atqui
286 4459 433 4531 tamen
457 4455 513 4524 ex
536 4416 786 4543 hujusmodi
806 4424 930 4514 libris
957 4447 1111 4537 magna
1132 4444 1188 4510 ex
1213 4440 1337 4539 parte
1356 4418 1724 4539 deprompserunt,
1758 4475 1763 4484 ·

875 4563 984 4676 )(2
1097 4676 1100 4678 ,
1574 4588 1669 4678 quae
