3892 5182
239 531 343 611 refie
363 528 557 628 hripieatos
577 521 697 612 inille,
723 520 910 602 Calderini
934 526 974 601 in
998 525 1213 626 juvenalem
1237 526 1522 610 commentarios
1545 525 1621 625 jam
1647 500 1733 603 ante
1755 524 1854 604 hano

244 628 623 712 editionemvenetam
645 624 777 699 Romae
800 647 896 700 anuo
924 648 1017 723 1474
1038 614 1264 721 hulietypis
1290 623 1452 702 excusos.
1512 626 1612 726 Sane·
1631 649 1695 727 per
1720 625 1854 710 verba,

27 757 31 765 ·
143 760 152 794 ι
238 723 328 800 editi
349 725 465 804 Romu
485 746 612 797 annor
643 746 709 820 74,
734 721 826 796 nihil
847 722 947 795 aliud
971 722 1118 804 videtur
1145 723 1266 808 innui,
1292 746 1402 819 quam
1419 723 1655 798 Calderinum
1668 724 1736 798 hos
1754 746 1857 799 com·

243 825 449 919 mentorioo
475 747 677 903 amerville.
704 818 743 896 ἀ
765 821 803 895 in
827 818 946 901 lucem
969 820 1078 894 edere
1097 818 1281 915 publicam
1304 819 1479 906 statuilie,
1506 844 1592 895 cum
1612 819 1743 895 Romae
1760 843 1858 894 anno

243 916 595 1089 repensantur„
623 915 680 1001 dr,
723 929 764 1007 ut
783 914 937 991 secunda
967 915 1174 1012 subscriptio
1205 915 1382 1013 expreiirs'
1407 918 1529 991 verbis
1562 919 1682 1002 sonat,
1721 917 1860 991 ibidem

246 1037 297 1114 pu
321 1015 392 1092 lite
419 1013 664 1111 profiteretur.
729 1015 850 1100 Quare
876 1012 1022 1088 nonest
1045 1015 1311 1089 areroaiiena
1333 1015 1389 1089 Ci.
1413 1016 1459 1090 de
1482 1016 1581 1091 Bure
1608 1013 1771 1100 assertio,
1796 1038 1861 1090 ve-

246 1127 372 1189 netam
394 1114 489 1188 hanc
509 1112 712 1190 editionem
738 1110 1088 1199 commentariorum
1119 1111 1305 1187 Calderini
1329 1110 1397 1193 elie
1424 1114 1589 1188 omnium
1615 1113 1783 1210 primam.

245 1305 334 1419 IV.
365 1307 593 1401 [aurentii
613 1297 761 1400 Varie
783 1304 1107 1415 Elegantiarunr
1133 1287 1311 1416 Lrnguae
1337 1307 1479 1395 iatinae
1505 1334 1603 1393 com
1639 1307 1860 1395 endiuma

356 1422 485 1512 Bono
519 1422 731 1509 Accurho
766 1419 916 1508 i’iiano
951 1422 1273 1508 concinnatum.
1322 1419 1572 1534 impreiium
1666 1422 1861 1510 ediolani

252 1634 257 1643 ,
362 1564 442 1654 per
467 1535 715 1651 Philippum
746 1532 1042 1646 deLauugnia
1068 1561 1163 1620 ann.
1195 1559 1319 1643 1475.
1346 1537 1388 1621 in
1424 1558 1516 1645 4t0.
1903 1560 1914 1575 ·

345 1729 388 1806 [n
408 1730 532 1807 aversa
549 1728 659 1828 primi
679 1728 758 1804 folii
778 1730 913 1827 pagina
940 1728 1056 1805 exstat
1075 1727 1172 1803 Boni
1198 1726 1361 1824 Accuriri
1382 1729 1542 1826 Epistola
1562 1729 1790 1808 dedicatoria
1813 1731 1862 1809 ad

245 1828 402 1910 Cichum
424 1828 655 1905 Simonemm
678 1828 847 1903 ducalem
873 1827 1133 1909 Secretarium.
1183 1827 1225 1902 ln
1240 1827 1349 1924 hujus
1368 1829 1468 1906 enim
1483 1829 1682 1909 liberorum
1703 1831 1864 1926 gratiam

243 1919 374 2003 Bonus
397 1922 593 2003 Accursrus
623 1924 780 2024 praeiens
811 1926 1071 2019 compendium
1095 1925 1358 2009 adornaverat,
1397 1939 1440 2000 ut
1462 1927 1534 2023 ipse
1555 1928 1706 2003 testatur
1729 1930 1767 2002 in
1792 1929 1862 2003 hac

244 2021 405 2122 epistola
455 2023 559 2112 Folio
582 2020 738 2102 secundo
759 2023 879 2102 statim
900 2022 1081 2118 incipiunt
1101 2021 1279 2096 Laurentii
1304 2021 1470 2120 Vallensts
1485 2024 1566 2100 Vrrr‘
1584 2023 1682 2101 Ciorr'
1705 2029 1762 2098 rmi
1776 2024 1860 2100 Eir-

242 2123 371 2226 gorrtioe
392 2118 457 2203 Ad
477 2121 588 2196 Breve
611 2119 789 2220 Quoddom
811 2117 869 2194 Ac
889 2117 1037 2193 Perotiir
1059 2117 1212 2195 Redoiio
1240 2118 1320 2197 Com
1343 2119 1485 2197 rodium.
1548 2119 1673 2220 Atque
1695 2125 1861 2215 haectca·

243 2217 532 2391 plitalibusffiunt·
547 2218 684 2391 litteriiss
711 2217 923 2395 imlprelilpjtt
935 2216 1315 2389 ips⁹·.vit¹.⁰lt⁸xm⁵⁶
1364 2218 1499 2298 radere
1526 2224 1705 2396 rlrlotuudp,
1738 2246 1863 2394 {oque

243 2330 412 2527 iiiiii
427 2337 641 2527 iiiiii?
662 2337 887 2510 russninaeff
912 2332 1538 2524 disliihiititiihtit
1565 2344 1744 2528 “tihi
1761 2332 1862 2514 tiis·

244 2526 432 2607 rutegrum
453 2512 554 2588 folus
579 2509 754 2607 impreffrs
779 2510 1006 2620 septuagrnta
1026 2435 1177 2606 {eptem
1229 2510 1269 2584 in
1292 2511 1415 2585 auersa
1441 2512 1611 2605 postremr
1628 2512 1706 2584 folu
1729 2518 1866 2607 pagina

143 2623 145 2627 ’
244 2607 326 2713 haec
349 2609 521 2703 leguntur
536 2608 721 2705 impreiia:
735 2605 939 2680 Medrolam'
957 2605 1149 2708 Impreffirm
1167 2631 1232 2708 prr
1249 2604 1451 2713 Magistrum
1466 2604 1659 2706 Philrppum
1682 2606 1862 2706 rlxlouog-

244 2708 304 2787 nr'o
332 2702 627 2804 Mediolanensem.
656 2726 758 2808 1475.
783 2701 837 2783 die
860 2728 916 2812 η.
938 2699 1059 2812 {fumi
1496 2750 1502 2769 ι

247 2896 308 2991 V.
341 2892 576 3019 Augustini
603 2895 712 2986 Dori
735 2892 922 3012 Seorufis
946 2892 1078 3014 Isogo
1111 2897 1205 2988 irus
1230 2897 1401 2990 libellus
1429 2898 1476 2989 io
1507 2899 1726 3016 riopoiriu
1751 2890 1868 3016 prorss

156 3048 159 3052 ·
282 3098 285 3102 ,
364 3025 485 3128 cepto
523 3012 582 3103 od
614 3012 839 3103 Aooreom
877 2923 1177 3133 corripior·
1204 3007 1369 3124 filium,
1413 3011 1556 3126 (Haec
1594 3018 1866 3104 verbotenus

363 3129 564 3237 leguntur
591 3128 634 3215 in
668 3125 814 3216 fronte
838 3125 1013 3218 secundi
1044 3132 1176 3245 tulii)
1225 3156 1354 3245 quem
1384 3132 1503 3243 typis
1529 3132 1863 3244 imprimendum

292 3294 295 3301 -
363 3242 531 3329 curavit
558 3241 707 3331 Bonus
733 3246 966 3332 Accurirus
1000 3241 1171 3331 Pisanus
1202 3245 1452 3345 Mediolani
1493 3270 1573 3357 per
1617 3246 1866 3360 Philippum

287 3390 328 3409 ...
366 3359 421 3446 dt
455 3354 677 3472 Laoagnia
706 3384 820 3446 auno
850 3380 975 3467 1475·
1007 3357 1052 3440 in
1082 3376 1176 3464 4to.

274 3578 295 3591 ··
339 3549 389 3624 ·in
410 3546 534 3630 averia
557 3549 665 3647 primi
693 3546 773 3623 folii
801 3545 936 3643 pagina
957 3540 1074 3618 exstat
1102 3542 1199 3616 Boni
1231 3541 1427 3634 Accursrii,
1469 3549 1532 3644 qui
1554 3573 1647 3648 opus
1669 3552 1770 3649 typis
1794 3552 1866 3628 im·

224 3663 228 3671 ·
249 3647 480 3745 primendum
505 3645 668 3730 curavit,
694 3643 855 3740 Epistola
876 3641 1103 3716 dedicatoria
1119 3641 1167 3713 ad
1183 3641 1338 3719 Cichum
1359 3645 1591 3723 Simonetam
1613 3652 1771 3746 primurn
1793 3652 1863 3726 du·

251 3745 366 3819 colem
383 3743 640 3818 secretarium.
693 3741 858 3817 Externa
892 3735 1000 3832 hujus
1032 3736 1210 3831 opusculi,
1250 3743 1348 3835 quod
1380 3742 1480 3818 foliis
1517 3747 1658 3822 constat
1691 3746 1867 3860 impreil'rs

250 3844 493 3936 quodraginta
508 3852 677 3922 tantum,
702 3835 820 3908 forma
842 3835 971 3909 eadem
995 3835 1137 3928 prorius
1162 3835 1211 3912 est
1234 3862 1319 3911 cum
1341 3844 1509 3936 proxime
1535 3846 1768 3941 praecedentr.
1821 3846 1865 3920 in

249 3943 369 4113 plrirrra
391 3936 513 4011 ultimi
537 3934 617 4010 folii
641 3932 774 4047 pagina
797 3932 877 4007 haec
899 3931 1089 4045 leguntur:
1114 3931 1315 4048 Mediolani.
1348 3938 1542 4044 Inpareffum
1567 3966 1631 4043 per
1659 3941 1866 4047 Magistrum

279 4030 505 4149 iilipporode
527 4030 720 4125 taragna.
746 4053 849 4128 1475·
874 4026 927 4107 dre
955 4044 1010 4115 18.
1032 4028 1170 4109 Morta.

166 4273 175 4308 r
250 4227 338 4321 Vi.
370 4231 521 4312 Aureo
546 4219 690 4309 Bibiia
716 4224 904 4340 Antonii
924 4224 1173 4339 Ampigoiii
1203 4224 1311 4316 Ord.
1338 4219 1521 4320 Eremit.
1553 4233 1598 4338 S,
1617 4232 1864 4348 Augustini.

366 4335 508 4424 Ulmae
535 4361 631 4424 anu.
661 4360 785 4447 1475.
814 4364 892 4452 per
919 4336 1018 4452 Joh.
1045 4339 1218 4432 Zeincr.
1247 4341 1292 4430 in
1313 4341 1354 4433 F
1358 4346 1417 4432 ol.
1918 4350 1925 4355 ’

347 4506 409 4582 Est
430 4507 579 4582 lexicon
604 4506 874 4604 alphabeticum
896 4511 1058 4598 Morale,
1086 4516 1145 4588 cui
1170 4538 1303 4589 nomen
1324 4510 1447 4593 Aurea
1466 4516 1591 4597 Biblia
1612 4520 1695 4598 id'eo
1718 4523 1867 4599 videtur

251 4605 430 4693 inditum,
453 4606 567 4705 ·quod
590 4606 744 4684 vitanda
770 4609 809 4685 dr
836 4611 983 4704 'agenda
1009 4611 1226 4691 maximam·
1241 4626 1384 4710 partem
1403 4616 1584 4714 exemplis
1605 4617 1644 4696 dr
1666 4619 1805 4788 ligurisS
1815 4644 1864 4695 ex
