3922 5176
609 369 653 398 .·
765 290 1089 439 ψ
1628 273 1790 419 er·

107 509 182 588 tur,
208 500 354 597 eoquod
366 501 533 579 omnium
553 498 665 602 hujus
677 503 802 600 operis
820 501 1026 580 editionum
1039 501 1158 599 prima
1172 500 1227 579 srt.
1271 501 1385 591 Quod
1401 501 1493 580 mihi
1508 525 1588 601 prae
1603 507 1726 587 oculis
1839 486 1843 499 ²

105 601 152 678 est
164 599 374 696 exemplar,
400 600 499 676 idem
518 599 587 677 else
603 601 771 688 videtur,
806 626 855 678 ex
871 624 964 698 quo,
980 613 1168 697 ,tanquam
1184 623 1334 687 norma,
1360 601 1548 677 Henricus
1565 603 1722 683 Loritus

106 699 310 774 Glareanus
341 697 492 774 Balileae
523 724 659 776 novam
697 697 863 799 ejusdem
897 699 1021 796 operis
1042 700 1243 774 editionem
1266 722 1365 774 anno
1390 721 1482 794 1532
1513 701 1721 782 faciendam

106 798 259 875 curavit.
311 800 403 886 Quae
426 799 525 872 enim
548 799 588 874 In
608 801 775 896 margine
794 796 905 896 hujus
928 796 1150 894 exemplaris
1174 797 1431 894 manuscriptae
1445 796 1620 894 leguntur
1640 825 1723 879 cor·

103 895 281 972 retliones
300 896 338 972 dc
359 898 604 984 mutationes,
629 899 761 973 eodem
783 894 929 994 prorsus
948 896 1062 971 modo
1082 895 1117 972 se
1145 895 1283 972 habent
1301 896 1340 971 iu
1353 895 1422 971 hac
1436 895 1625 993 posteriori
1643 902 1724 978 edi-

104 995 213 1070 tione.
267 997 348 1082 Qua
370 1018 457 1069 vero
480 993 666 1071 occasione
690 997 730 1072 in
752 994 1024 1072 Bibliothecam
1051 993 1212 1071 nostram
1243 1020 1291 1072 ex
1315 992 1490 1073 Glareuni
1513 993 1723 1076 Bibliothe-

98 1117 144 1168 ca
170 1096 333 1178 venerit,
358 1093 466 1169 facile
486 1093 537 1171 est
561 1095 760 1190 explicatu.
812 1093 874 1168 Est
898 1115 1033 1191 nempe
1056 1094 1247 1192 exemplar
1268 1091 1431 1168 nostrum
1456 1117 1505 1170 ex
1529 1092 1634 1173 libris
1653 1096 1723 1174 Bi-

102 1190 295 1268 bliothecae
308 1190 491 1364 debannis
508 1192 684 1292 AEgolphi
704 1192 974 1289 aKnbringen‚
1005 1189 1175 1289 Episcopi
1188 1189 1411 1288 Augustani,
1429 1213 1514 1288 quae
1527 1205 1607 1269 tota
1622 1191 1723 1272 Aca·

105 1290 236 1366 demiae
257 1315 304 1364 no
336 1311 388 1366 rae
411 1289 549 1366 donata
575 1291 636 1368 est.
705 1291 812 1368 Cous.
839 1289 995 1366 Annales
1022 1286 1186 1366 Academ.
1209 1287 1396 1392 Ingolslud.
1421 1291 1511 1367 edit.
1535 1291 1723 1375 Medereri
1822 1296 1829 1331 l

105 1388 202 1465 Part.
220 1388 263 1463 ΙΙ.
289 1412 372 1486 pag.
401 1404 455 1475 18.
486 1388 581 1486 seqq,
661 1389 798 1473 Porro,
832 1404 874 1465 ut
896 1389 1033 1465 ibidem
1057 1412 1140 1486 pag.
1171 1415 1227 1488 19.
1259 1389 1416 1485 legitur,
1455 1386 1664 1487 AEgolphus
1697 1416 1725 1472 a
1772 1386 1782 1411 ”

106 1485 321 1584 meringen
335 1485 963 1567 HenriciGlareaniBibliothecam
982 1489 1174 1598 abeodem
1199 1487 1321 1565 adhuc
1343 1489 1495 1566 vivente
1522 1504 1722 1572 coemerat.

34 1778 44 1799 ,
103 1707 235 1804 VIII.
265 1709 308 1798 S.
332 1648 518 1798 ¹Thomae
539 1708 780 1824 Aquinatis
814 1707 1140 1796 commentaria
1174 1707 1219 1796 in
1250 1701 1415 1797 Libros
1437 1706 1723 1825 Physrcoruni

218 1825 490 1920 Aristotelis.
516 1829 653 1916 Anno
684 1839 813 1936 1480.
836 1823 882 1912 in
905 1819 946 1911 F
949 1825 1010 1911 ol.
1037 1824 1143 1919 min.

266 1982 543 2099 commentaria
567 2021 649 2100 haec
669 2020 820 2119 gothico
842 2019 1049 2118 charaiiere
1067 2021 1109 2098 in
1133 2019 1274 2097 duabus
1295 2020 1478 2100 columnis
1501 2023 1643 2106 chartae
1667 2030 1723 2108 al·

34 2176 40 2183 -
105 2123 156 2200 bae
180 2121 219 2199 δι
242 2123 389 2207 nitidae,
415 2122 473 2196 sed
496 2124 619 2197 minus
640 2121 758 2198 firmae
782 2119 863 2197 sunt
885 2120 1063 2218 Imprelsa.
1116 2120 1240 2196 Habet
1263 2121 1344 2198 haec
1366 2122 1483 2197 editio
1503 2120 1720 2220 fignaturas‚

103 2222 379 2319 &paginarum
409 2221 674 2333 inscriptiones,
742 2220 855 2294 Caret
890 2243 981 2295 vero
1012 2220 1240 2304 custodibus,
1263 2219 1467 2296 initialibus
1493 2221 1651 2313 litteris,
1679 2229 1721 2307 &
1856 2222 1862 2228 ”

101 2320 316 2418 paginarum
339 2341 515 2395 numeris.
572 2319 717 2394 Praeter
738 2317 910 2415 puntium
934 2332 1133 2394 occurrunt
1148 2319 1261 2392 etiam
1276 2318 1350 2393 duo
1364 2319 1506 2414 punsia.
1560 2323 1602 2398 ln
1617 2325 1721 2403 fron·

100 2429 137 2495 te
160 2419 292 2517 primae
316 2418 480 2512 paginae,
505 2417 637 2516 primae
662 2415 793 2493 itidem
814 2415 999 2492 columnae
1020 2417 1132 2492 rubro
1153 2414 1277 2490 colore
1297 2416 1462 2514 Imprelsa
1477 2417 1652 2516 leguntur
1666 2424 1721 2500 se..
1746 2502 1749 2511 ,

102 2518 271 2615 quentia:
306 2514 440 2592 Comini
459 2513 622 2620 Angelici
646 2540 687 2591 uc
700 2511 906 2629 subtilifflmg'
924 2511 1049 2594 duriori
1074 2511 1185 2614 firniii
1213 2509 1333 2589 sicma
1354 2514 1396 2588 de
1416 2513 1506 2613 cino
1529 2518 1614 2593 osori
1635 2518 1721 2620 'p'di-
1853 2610 1856 2617 Ι

100 2629 196 2713 rot04
214 2603 308 2691 ordis
328 2616 362 2688 in
387 2610 492 2690 libros
504 2606 628 2714 plicui
651 2612 745 2711 Aba
774 2612 855 2690 Lec.
878 2637 972 2714 pmu.
1039 2513 1180 2689 bine
1209 2635 1299 2689 vero
1314 2688 1317 2693 ,
1331 2613 1532 2786 νοΙιιηιίἒίε
1560 2617 1719 2697 habetur

99 2711 248 2812 sequens
271 2714 422 2791 notitia:
446 2713 607 2812 Explicit
630 2716 800 2810 comentu3
827 2711 934 2813 super
967 2709 1073 2788 libros
1095 2708 1297 2812 pbistcorum
1325 2708 1460 2786 edilia

99 2838 134 2887 uc
151 2810 362 2987 subtilismmo
372 2810 471 2910 sacre
489 2812 651 2913 theologie
671 2815 829 2914 magistro
847 2837 890 2886 ac
910 2810 989 2886 diuo
1010 2809 1121 2886 tbomc
1146 2807 1190 2884 de
1207 2808 1400 2910 ainosacri
1426 2802 1642 2908 plicatorem
1660 2842 1720 2893 or·

98 2908 193 2987 dinis.
283 2936 348 2985 nno
374 2912 625 2988 incarnationis.
656 2927 811 3009 1·4·80·,
858 2907 1019 2987 Accedit
1050 2910 1091 2986 in
1121 2911 1242 3006 prIma
1270 2907 1455 3007 sequentis
1474 2912 1556 2990 folii
1580 2917 1718 3013 pagina

96 3005 301 3114 Rigistrum,
331 3008 376 3087 sc.
401 3008 624 3087 chartarum.
695 3090 698 3096 ,

1504 2713 1718 2820 eruditiffimo

97 3230 171 3329 IX.
196 3232 244 3322 S.
275 3227 464 3321 Thomae
487 3228 726 3439 Apuinatis
756 3226 1082 3352 commentaria
1111 3225 1158 3316 in
1188 3224 1352 3319 Libros
1380 3228 1713 3348 Metaphylices

192 3349 478 3441 Aristotelis.
573 3351 681 3465 apiae
696 3368 776 3462 per
791 3343 831 3435 F
834 3346 1071 3435 rancilcum
1095 3346 1151 3435 de
1173 3345 1438 3436 Girardenfis
1463 3374 1559 3438 ann.
1584 3369 1712 3479 tatto.

207 3466 253 3554 in
285 3462 391 3560 Fol.
416 3466 522 3554 min.

251 3662 355 3760 Opus
393 3659 546 3759 gothico
579 3657 805 3745 charastere,
842 3677 961 3754 eoque
992 3654 1229 3733 minutissimo
1256 3659 1398 3737 chartae
1418 3643 1651 3744 subtilissimae
1668 3666 1712 3747 in

24 3726 33 3736 ’
95 3760 234 3838 duabus
255 3761 439 3838 columnis
459 3758 668 3856 Imprelium
688 3759 752 3838 est.
806 3749 918 3833 Caret
938 3757 1075 3833 litteris
1098 3757 1323 3844 initialibus,
1349 3759 1577 3851 custodibus,
1604 3768 1710 3864 pagi·
1857 3776 1859 3785 '

92 3883 221 3936 narum
246 3861 423 3935 numeris.
493 3857 618 3933 Habet
646 3881 735 3934 vero
765 3855 987 3954 signaturam
1005 3875 1009 3887 ·
1026 3855 1065 3933 dc
1094 3857 1312 3952 paginarum
1335 3856 1601 3954 inscrIptiones.
1664 3866 1708 3941 lu

90 3958 226 4041 dronte
249 3961 379 4056 primae
397 3957 581 4034 columnae
599 3956 681 4031 solii
701 3956 811 4054 p'rimi
833 3955 932 4030 tituli
952 3955 1036 4029 loco
1058 3954 1141 4031 haec
1169 3956 1281 4033 verba
1310 3955 1502 4052 leguntur:
1528 3957 1708 4064 Subtiliffl·

92 4059 138 4131 mi
167 4056 310 4133 desinis
335 4054 448 4156 strabi
484 4051 605 4130 Ibome
633 4052 675 4129 dr
705 4053 846 4150 Aquino
885 4051 1062 4153 clarifflma
1099 4055 1330 4151 interminae
1366 4055 1403 4127 in
1440 4054 1706 4162 methcpiistcam
1863 4078 1865 4082 ·
1919 4045 1922 4049 ’

91 4153 302 4273 Aristotelis:
335 4158 374 4232 in
405 4153 480 4272 line
501 4168 627 4269 autem
658 4150 858 4266 voluminis
887 4150 1023 4260 notitia
1049 4147 1629 4328 sequeret-Explicitsubtilssma
1648 4159 1706 4232 ind

40 4417 45 4425 .
89 4249 724 4449 annullabatur
734 4244 1358 4444 stabilissima
1357 4275 1536 4426 {bida
1555 4279 1705 4430 bili

83 4379 357 4626 ffiffirmffiapie
377 4476 454 4627 Illi
464 4452 655 4627 νῖἑῇἰηιω
671 4447 878 4551 franciscum
898 4444 941 4522 dc
962 4443 1202 4559 girardengsris
1229 4348 1338 4567 λῳ
1363 4447 1520 4526 rsorrrr'ru‘:¹
1535 4451 1590 4530 M.
1604 4477 1703 4554 cccc,
1848 4516 1853 4521 .

146 4574 364 4629 xx.uxu.
450 4570 591 4625 o.²
775 4606 781 4622 .
959 4592 962 4599 »

874 4718 961 4803 Ga
1602 4729 1674 4812 X.-
