3892 5182
184 321 269 436 164
833 304 1167 431 εὲὣε-

183 520 232 594 ad
253 519 412 595 eundem
432 516 628 599 Karolum,
656 517 737 613 qui,
764 525 806 590 ut
824 539 872 590 ex
884 509 1061 610 eiusdem
1076 512 1248 611 Epistoiae
1261 518 1440 590 contextu
1458 525 1580 612 patet,
1610 511 1708 589 filius
1723 511 1802 590 suit

125 640 128 645 ·
184 618 337 691 Henrici
352 618 453 714 Regii
464 618 638 691 criminum
657 615 784 689 Lomm
800 615 937 686 tenentis
951 612 1118 714 Cossilieri.
1170 613 1314 686 Nomen
1330 614 1505 707 accepita
1522 613 1660 686 Carolo
1678 609 1805 708 Aqui·

186 715 297 789 taniae
320 714 430 799 duce,
454 713 596 810 fuitque
620 727 707 787 tunc
728 712 926 786 admodum
948 709 1111 808 juveniS,
1139 734 1224 783 cum
1245 713 1338 783 hane
1354 710 1477 784 audior
1495 711 1642 784 adeum
1664 709 1820 806 episto·¹

187 811 262 883 lam
285 810 464 886 scriberet.
515 812 630 887 Porro
655 813 735 884 haec
758 809 907 904 epistola
931 809 994 883 scri
1022 822 1060 883 ta
1085 807 1134 882 est
1156 805 1305 906 Poristus
1320 806 1460 902 secundi
1484 809 1601 879 ominis
1625 808 1695 879 ioco
1717 807 1806 881 anni

188 908 336 1006 milefimi
359 904 623 1006 quadringeniefi
645 904 731 980 unde
742 903 973 1004 septuogrstmi
990 831 1126 1075 3³14pr
1152 906 1301 977 ianuarii
1320 901 1375 977 dic
1393 907 1511 1001 primo.
1566 905 1615 978 Ut
1645 905 1690 978 de
1712 927 1806 1001 ope·

95 1027 110 1043 ·
186 1005 239 1080 ris
261 1019 477 1100 argumento
499 1005 638 1100 aliquid
664 1027 762 1078 nunc
781 1005 920 1089 dicam,
947 1006 1024 1097 agit
1044 1025 1091 1077 au
1126 1024 1168 1075 or
1191 1003 1230 1076 in
1256 1003 1328 1076 bari
1348 1001 1500 1090 deotio
1524 1003 1703 1076 orationis
1748 1024 1824 1076 ar·-·

187 1101 306 1187 tibus,
334 1104 481 1180 nomine
505 1102 697 1187 nimirum,
726 1102 955 1197 pronomine,
988 1101 1113 1183 verbo,
1138 1100 1342 1194 participio,
1367 1098 1560 1181 adverbio,
1586 1098 1694 1197 inter]
1754 1101 1820 1174 io-·

188 1223 253 1282 ne,
283 1198 535 1295 praepositione
559 1200 596 1275 dr
621 1196 874 1294 conjuntiione
896 1198 1054 1271 totidem
1076 1196 1266 1290 capitulis,
1300 1196 1363 1270 seu
1397 1196 1635 1279 setiionibus,
1671 1198 1813 1292 quibus

188 1309 313 1371 tamen
336 1294 484 1392 singulis
507 1297 628 1372 nullus
649 1294 823 1394 praefixus
848 1295 898 1370 est
917 1295 1059 1368 titulus.
1111 1294 1324 1388 Capitulum
1344 1293 1391 1366 de
1412 1294 1561 1367 nomine
1585 1294 1656 1366 inci
1684 1297 1714 1367 it
1737 1295 1813 1367 ini·

102 1450 108 1460 .
190 1395 244 1468 tio
270 1392 350 1468 folii
371 1393 535 1471 secundi:
574 1393 776 1491 capitulum
799 1416 886 1467 vero
913 1394 959 1467 de
982 1389 1235 1486 conjuniiione
1260 1391 1478 1464 terminatur
1502 1391 1540 1464 in
1566 1318 1690 1464 averia
1715 1392 1810 1466 noni

188 1489 269 1564 folii
292 1491 446 1586 pagina,
480 1492 577 1567 linea
603 1518 657 1568 12.
736 1493 828 1577 Quae
851 1491 1064 1565 immediate
1086 1487 1300 1582 sequuntur,
1327 1489 1401 1561 tria
1422 1489 1512 1561 folia
1532 1487 1696 1564 tabulam
1715 1512 1809 1563 con·
1846 1574 1850 1581 ,

190 1589 312 1664 tinent
333 1587 656 1687 conjugationum,
683 1585 787 1684 cujus
813 1589 861 1661 ad
886 1587 1024 1661 calcem
1047 1588 1126 1660 haec
1150 1586 1322 1680 leguntur
1343 1584 1529 1683 impreffa:
1822 1622 1827 1629 ·

674 1682 863 1758 Gaiiirrr'mr'
898 1681 1040 1758 Tardiui
1068 1685 1158 1755 orrici

669 1783 751 1881 ansts
768 1778 853 1880 hosts
867 1783 1053 1877 gramatice
1065 1780 1159 1874 finit.

190 1877 253 1955 In·
272 1877 454 1974 sequentis
489 1878 571 1955 folii
604 1880 739 1973 pagina
770 1881 889 1976 prima
930 1875 1118 1951 Guillerimi
1145 1873 1274 1952 tordiui
1303 1877 1475 1977 anicienstr
1496 1875 1563 1974 sno
1601 1873 1709 1973 ejusd?
1738 1872 1808 1990 bost

191 1979 378 2075 gramatice
404 1977 607 2051 cementarii
626 1978 758 2073 incipit:
789 1976 1024 2051 Terminatur
1047 1988 1173 2050 autem
1197 1978 1234 2051 in
1260 1975 1385 2049 averia
1409 1976 1489 2051 solii
1516 1969 1734 2073 2”4pagina‚
1762 1975 1807 2049 lr-

192 2097 262 2153 nea
286 2096 329 2176 73
355 2076 415 2151 cui
440 2076 521 2152 haec
543 2087 689 2149 tantum
717 2074 797 2148 sunt
819 2072 987 2168 subjecia:
1364 2088 1368 2095 ·

613 2166 801 2246 Guillrrimi
833 2168 976 2244 Turdiui
998 2169 1168 2268 anicienstr
1181 2166 1250 2266 sap
1278 2165 1386 2266 ejusd?

607 2265 677 2368 bast
699 2270 917 2367 grammatice
939 2269 1175 2341 comentarium
1188 2259 1284 2366 fidit.

192 2364 363 2465 speciata
384 2379 560 2462 typorum
581 2365 723 2456 indole,
761 2366 917 2464 aliisque
939 2365 1171 2536 antitpuitatis
1186 2365 1285 2441 notis
1301 2362 1414 2438 libelli
1436 2361 1546 2460 hujus
1569 2363 1685 2438 editio
1708 2362 1811 2463 haud

193 2462 381 2538 immerito
404 2464 452 2539 ad
477 2486 614 2539 annum
640 2471 751 2562 1469,
795 2489 868 2561 quo
897 2465 983 2538 data
1007 2470 1038 2536 ei
1079 2462 1228 2557 epistola
1259 2462 1505 2544 dedicatoria,
1532 2461 1604 2537 ¹vel
1628 2472 1729 2539 certe
1757 2460 1807 2537 ad

192 2582 328 2635 annum
353 2584 449 2635 anno
475 2584 579 2658 1477.
606 2566 846 2646 anteriorem,
873 2561 1001 2637 referri
1024 2573 1195 2633 meretur.
1247 2559 1400 2632 Litterae
1420 2561 1518 2632 enim
1540 2558 1701 2653 gothicae
1724 2557 1805 2634 sunt

191 2656 341 2742 formae,
368 2657 558 2750 oblongae,
585 2655 624 2732 dc
646 2660 769 2732 minus
788 2657 924 2742 densae,
948 2657 1148 2729 admodum
1168 2659 1265 2730 inter
1284 2655 1318 2728 se
1339 2656 1558 2749 inaequales,
1584 2670 1626 2730 ut
1648 2654 1807 2752 sculptas

193 2753 262 2828 esse
285 2778 360 2828 non
382 2753 556 2828 dubitem.
608 2753 913 2850 interpunctionis
935 2752 1076 2848 signum
1096 2754 1248 2827 unicum
1268 2754 1448 2835 occurrit,
1474 2777 1605 2850 nempe
1621 2753 1807 2850 punctum

193 2849 330 2925 Desunt
357 2851 468 2925 etiam
487 2849 648 2925 initiales
669 2851 825 2937 litterae,
853 2850 1039 2935 custodes,
1065 2849 1279 2944 signaturae,
1304 2851 1516 2946 paginatum
1533 2852 1675 2927 numeri
1695 2850 1733 2928 dr
1748 2853 1810 2925 in·

193 2947 258 3023 scri
286 2949 418 3022 tiones.
484 2946 535 3021 Ut
559 2947 729 3044 distinqui
751 2950 833 3026 haec
861 2949 976 3025 editio
999 2947 1044 3022 ab
1067 2949 1171 3035 aliis,
1212 2964 1295 3045 quae
1322 2948 1418 3023 forte
1441 2948 1618 3035 existunt,
1659 2939 1835 3024 facilius'

193 3068 240 3143 po
268 3042 435 3220 ltieiiiUd
460 3043 573 3121 etiam
596 3047 800 3134 adnotabo,
826 3047 995 3146 quamvis
1017 3048 1191 3143 paginam
1213 3047 1330 3122 lineas
1356 3046 1542 3145 imprenas
1567 3047 1701 3143 vigInti
1723 3044 1806 3122 ono

195 3164 302 3240 comp
388 3198 397 3218 .

192 3434 353 3527 LXXI.
382 3436 574 3548 juridica
596 3440 714 3528 varia
749 3437 795 3557 1)
817 3438 984 3530 Modus
1001 3436 1173 3549 legendi
1199 3436 1522 3527 abbreviaturas
1546 3436 1588 3523 in
1618 3455 1812 3553 utroque

307 3546 432 3665 Jure‚
463 3556 534 3642 cui
557 3555 728 3645 accedit
752 3555 884 3643 index
911 3552 982 3643 seu
1007 3552 1243 3666 Registrum
1269 3556 1542 3642 materiarum
1564 3554 1607 3638 in
1625 3549 1809 3667 [equen-

306 3660 1811 3896 inserted”ddiiam>demetendierni

305 3895 416 4004 gistri
461 3891 685 3982 Dominici
716 3872 770 3986 de
806 3896 989 3984 civitate
1045 3893 1252 3987 Vii'encia
1284 3895 1518 3983 Tradimus
1555 3897 1608 3983 ad
1643 3893 1812 3981 institu-

310 4009 478 4094 tionem
517 4034 701 4117 eorum‚
754 4012 829 4127 qui
870 4010 1081 4099 Notarios
1121 4034 1251 4118 agunt
1290 4006 1739 4124 Archiepiscoporum
1763 4006 1814 4097 de

302 4119 638 4235 Episcoporum.
729 4132 783 4329 gp
824 4124 1058 4214 Tradiatus
1088 4127 1300 4236 generalis
1328 4129 1383 4212 de
1413 4146 1504 4212 arte
1532 4122 1810 4211 Notariatus.

310 4234 359 4348 6)
399 4231 632 4325 Tradimus
668 4240 723 4328 de
786 4237 1230 4352 roceiiuJudiciario.
1280 4243 1332 4347 7)
1364 4235 1638 4325 Introdndiio
1657 4237 1813 4324 brevis

154 4372 188 4433 ⁰.
308 4353 362 4437 ad
384 4348 680 4440 Procuratoris
699 4350 908 4448 officium.
967 4353 1018 4462 8)
1039 4348 1346 4440 Defensoriuni
1369 4339 1538 4463 Jurisi'
1552 4352 1601 4467 9)
1627 4349 1812 4439 Traditi·

17 4474 20 4482 '
108 4555 116 4571 J
304 4487 373 4550 tus
403 4467 457 4550 de
484 4469 822 4577 exceptionibus
843 4464 1267 4556 Innocentiilv.ii.
1291 4464 1336 4552 P.
1395 4469 1472 4573 ιο)
1499 4464 1732 4553 Tradimus
1754 4467 1814 4553 de

133 4506 704 4737 ‘Rffii'raeicriptionibus
741 4579 924 4673 Domini
946 4575 1074 4694 Dyni
1099 4582 1152 4669 de
1178 4577 1352 4694 Mugiio
1376 4579 1549 4694 Legum
1575 4578 1830 4681 Dorionis„

41 4704 143 4879 fin
286 4748 292 4755 ,
1672 4697 1795 4806 ῃ),
