3892 5182
820 252 1146 381 ἓξὲξ
1222 276 1226 283 ’
1416 236 1422 249 .
1694 300 1796 395 ¹113

151 458 345 591 XXVI.
392 464 612 566 Busirim
652 444 819 676 arrisi
854 466 1052 607 magistri
1085 466 1296 589 Gersrrnir
1334 470 1548 569 titularii
1616 474 1794 591 rifimfir
1920 488 1927 503 “

273 581 631 822 {gygggssffipinr
653 704 698 793 in
720 586 1008 817 Ztgplutrone.
1075 588 1261 691 Viennae,
1284 616 1380 680 ann.
1411 608 1556 749 1482.
1604 616 1792 732 renota

213 986 221 999 ,
331 898 427 979 Haec
455 902 496 981 in
517 900 641 979 fronte
661 900 834 999 leguntur
851 899 983 1002 primae
1002 902 1168 1003 paginae,
1217 923 1277 980 uae
1301 926 1391 981 mox
1414 902 1554 1001 excipit
1570 903 1644 1004 ipse
1662 916 1791 983 textus

192 998 311 1093 operis.
354 1000 395 1076 ln
413 998 487 1078 fine
507 1000 687 1098 opusculi,
709 1003 809 1098 quod
828 1000 929 1077 soliis
953 1013 1100 1077 tanturn
1118 922 1258 1078 conflat
1278 1004 1578 1102 quatuordecim,
1608 1004 1704 1080 hanc
1731 1017 1791 1101 ty·

292 1096 386 1197 phos
416 1097 554 1197 adjecit
584 1100 785 1174 notitiam:
825 1096 1031 1199 Impreffiam·
1050 1097 1192 1175 Wenne
1214 1125 1303 1203 anno
1325 1100 1453 1177 dorninr'
1483 1102 1523 1177 M
1538 1124 1625 1179 cccc
1639 1102 1791 1179 Lxxxii.

277 1218 330 1274 rae
349 1196 431 1274 sunt
448 1197 610 1294 gothicae
637 1197 835 1295 oblongae,
877 1196 1001 1274 minus
1023 1198 1197 1311 pingues.
1274 1199 1413 1278 Charta
1444 1199 1568 1275 minus
1596 1197 1703 1276 firma
1731 1198 1793 1277 sed

198 1289 263 1370 alla
277 1293 350 1373 est..
402 1295 568 1372 initiales
590 1295 727 1373 litterae
747 1293 929 1393 majorum
953 1293 1169 1383 semorum,
1198 1296 1385 1387 custodes,
1413 1298 1559 1383 numeri
1582 1296 1621 1376 dr
1642 1298 1793 1397 inscrip-

198 1390 298 1471 tiones
319 1394 539 1493 paginarum
561 1391 699 1471 desunt.
748 1393 891 1471 Praeter
917 1392 1089 1491 punitum
1103 1393 1143 1472 dr
1168 1394 1243 1471 duo
1268 1396 1400 1494 panea
1424 1397 1537 1472 etiam
1560 1419 1709 1472 comma
1729 1420 1793 1473 oc·

129 1560 147 1583 s
197 1491 309 1579 currit,
336 1492 375 1570 dr
394 1493 465 1568 hoc
489 1491 638 1590 quidem
659 1491 734 1569 illis
756 1491 997 1590 frequentius.
1065 1492 1224 1568 Chartas
1246 1517 1336 1571 vero
1357 1494 1611 1593 typographus
1635 1493 1793 1592 srgnavit
1935 1574 1937 1579 ,

129 1658 134 1673 ,
196 1586 383 1689 Μὶμερῐε
405 1592 616 1667 admodum.
682 1590 781 1668 Nam
809 1592 971 1688 primum
991 1588 1122 1672 solium
1147 1589 1329 1689 signatum
1351 1594 1402 1671 est
1428 1595 1553 1670 littera
1580 1587 1637 1680 A,
1666 1593 1791 1670 secun·

280 1688 342 1776 B,
378 1690 548 1786 quintum
580 1687 633 1776 C,
666 1688 810 1767 sextum
832 1687 887 1776 D,
928 1711 1069 1765 nonum
1096 1688 1151 1775 E,
1185 1691 1372 1768 decimum
1397 1691 1444 1779 F,
1479 1691 1717 1769 undecimum
1743 1692 1790 1767 G.

198 1782 279 1862 Fodn
299 1786 442 1884 reliqua
465 1785 659 1884 signaturis
685 1801 824 1865 carent.
888 1787 1042 1885 Paginae
1063 1786 1249 1886 pleraeque
1271 1815 1319 1886 39
1347 1789 1466 1867 lineas
1488 1789 1701 1878 continent,
1728 1813 1792 1867 oc·

136 1916 141 1947 τ
198 1899 327 1963 urrant
344 1898 490 1987 tamen,
511 1907 595 1983 quae
619 1901 687 1982 38,
718 1894 787 1984 36,
811 1887 928 1963 numo
955 1887 995 1965 dr
1017 1910 1066 1984 32
1088 1886 1391 1986 compleamur.
1674 1928 1677 1933 ·

333 2068 390 2143 De
418 2067 489 2143 hoc
513 2064 683 2164 opusculo
699 2065 796 2167 nihil
821 2067 932 2143 habet
951 2063 1008 2149 Cl.
1028 2066 1188 2143 Michael
1213 2066 1329 2143 Denis
1351 2072 1385 2142 ia
1403 2066 1528 2145 {Bima
1550 2065 1790 2157 uenatorio

197 2162 347 2258 midae.
431 2166 533 2242 ldem
554 2189 644 2262 uero
669 2165 728 2241 vir
752 2164 963 2241 clarissimus
986 2165 1084 2240 datis
1114 2166 1162 2240 ad
1197 2190 1257 2242 me
1280 2164 1416 2243 litteris
1443 2167 1595 2242 testatus
1618 2163 1688 2250 est,
1714 2188 1791 2240 non

198 2262 244 2336 du
271 2263 348 2360 post
381 2265 520 2340 editam
546 2288 568 2340 a
590 2262 625 2339 se
645 2262 860 2340 Viennensrs
885 2276 929 2360 ty
955 2262 1143 2361 ographiae
1172 2262 1358 2338 historiam
1386 2289 1409 2338 o
1435 2262 1598 2342 usculum
1629 2261 1723 2339 illud
1750 2262 1791 2339 in

197 2351 405 2449 biliotheca
427 2360 635 2440 Parochiali
657 2360 837 2439 Brdnensr
861 2362 901 2438 in
966 2361 1095 2437 oravia
1119 2373 1309 2458 repertum
1332 2287 1445 2439 uitii.
1927 2362 1933 2375 “

142 2556 150 2669 'j
197 2542 363 2649 IXVll.
398 2542 629 2641 Traliotos
666 2546 812 2657 breuis
838 2546 884 2640 u
905 2542 1031 2638 utilis
1052 2572 1142 2667 pro
1170 2547 1361 2658 infirmis
1379 2546 1609 2666 vitiandis
1627 2550 1672 2639 di
1692 2579 1790 2642 ron

157 2760 161 2769 ,
279 2660 498 2784 srffionem
522 2666 626 2782 (fic)
652 2692 802 2758 aarum
824 2658 1065 2755 audiendis.
1128 2662 1309 2756 Pallavii
1338 2664 1559 2784 impressus
1585 2694 1664 2784 per
1685 2667 1788 2782 Joh.

136 2782 141 2887 ἶ
284 2780 571 2874 Alalrraw&
595 2780 882 2907 llenedidtum
909 2780 1041 2870 Maia.
1085 2784 1246 2872 „Anno
1278 2786 1400 2892 1482.
1436 2785 1479 2872 in
1510 2808 1601 2894 4te.
1716 2802 1730 2812 ·

340 2977 466 3059 Verba
482 3000 566 3079 quae
587 2978 687 3055 tituli
707 2974 791 3053 loco
809 2973 987 3063 recitari,
1008 2972 1181 3075 leguntur
1195 2979 1236 3055 in
1251 2976 1372 3056 fronte
1392 2975 1574 3076 opusculi,
1597 2999 1680 3077 quae
1695 3004 1786 3058 mox

182 3072 248 3177 ipse
262 3090 390 3157 textus
412 3079 562 3176 excipit
612 3072 825 3175 Impressurn
846 3073 896 3152 est
925 3073 1075 3171 gothico
1100 3075 1307 3152 charatiere
1329 3074 1461 3173 majori
1475 3101 1592 3175 eoque
1621 3077 1784 3153 luculen-

178 3189 234 3267 to,
260 3178 300 3259 dt
324 3177 562 3276 pereleganti.
610 3172 761 3253 Constat
792 3173 853 3249 sex
877 3172 1148 3248 tantuml'oliis
1180 3173 1365 3270 imprellrs.
1416 3173 1507 3249 Tria·
1525 3176 1648 3270 priora
1673 3190 1784 3271 typo·

133 3310 136 3315 ·
174 3276 334 3377 graphas
365 3274 519 3374 signavit
551 3275 687 3351 litteris
723 3271 779 3357 A.
804 3273 855 3356 B,
880 3273 921 3347 C.
982 3272 1145 3346 lnitiales
1170 3273 1326 3360 litterae,
1354 3271 1542 3356 custodes,
1567 3273 1784 3367 paginarum

173 3374 316 3453 numeri
339 3374 650 3472 &inscriptiones
675 3370 813 3447 desunt.
878 3362 1018 3446 Praeter
1040 3367 1212 3468 punitum
1238 3382 1436 3446 occurrunt
1456 3368 1570 3443 etiam
1595 3366 1668 3444 duo
1691 3379 1784 3468 pun·

172 3466 238 3559 dn.
291 3466 353 3548 Aa
374 3472 513 3548 calcem
537 3468 618 3551 folii
640 3472 730 3547 sexti
751 3468 887 3566 legitur
908 3466 1051 3569 notitia·
1068 3469 1169 3566 typis
1193 3468 1379 3566 impressa:
1406 3465 1502 3542 linis
1520 3464 1683 3564 presentia
1766 3510 1784 3529 ·

160 3556 255 3673 Μ
276 3564 461 3669 imprrffum
475 3562 569 3747 giso)
594 3570 630 3647 in
652 3568 771 3647 inclito
796 3570 930 3642 ciuitate
945 3561 1137 3666 Potcnienst
1154 3587 1218 3664 per
1239 3560 1438 3670 Johannem
1464 3562 1635 3640 Asakraw
1652 3560 1694 3643 Θ
1701 3494 1784 3643 Ἐ-

166 3667 297 3755 aedisti
318 3666 429 3743 Moir.
504 3666 547 3744 ab
567 3694 655 3744 anno
683 3666 819 3742 domini:
851 3663 1292 3762 mercennariorum
1324 3673 1447 3763 quarto
1477 3663 1531 3738 die
1566 3661 1781 3741 Nouembris.

162 3766 244 3855 Hic
262 3781 363 3843 certe
388 3764 479 3843 liber
501 3790 596 3843 unus
619 3790 667 3844 ex
689 3767 818 3864 primis
846 3764 915 3851 est,
940 3763 1002 3861 qui
1024 3762 1177 3839 Passavii
1201 3765 1304 3840 fuere
1321 3761 1489 3862 impressi.
1541 3760 1648 3838 Cons.
1664 3763 1782 3848 Denis
1897 3832 1902 3837 .

161 3866 294 3955 Rima
314 3863 699 3966 demdrrpesuplclptr
726 3864 881 3963 &lagona
905 3877 987 3960 pag.
1007 3861 1035 3939 1.
1056 3874 1134 3938 not.
1159 3859 1202 3962 a)

158 4036 383 4147 lxvru.
414 4044 647 4253 gomssonii
668 4044 802 4135 Melae
825 4044 1122 4159 Geographia,
1147 4037 1220 4134 seu
1238 4046 1292 4134 de
1312 4044 1392 4134 ficu
1409 4040 1526 4134 orbis
1552 4042 1652 4135 libri
1674 4066 1781 4143 tres.

270 4167 479 4373 &ecgeetiis
504 4304 581 4392 per
606 4276 849 4366 Ethardum
880 4274 1060 4362 llutdolt
1093 4294 1211 4385 1482.
1236 4277 1281 4364 -in
1306 4300 1400 4387 410,

326 4473 504 4575 Opuscula
524 4473 604 4550 haec'
627 4473 707 4549 sunt
733 4467 884 4571 gothico
909 4468 1116 4549 charastere
1140 4467 1365 4571 pereleganti
1393 4471 1532 4551 chartae
1556 4464 1777 4548 nitidissimae

150 4576 211 4659 im
240 4566 378 4752 resain
392 4572 738 4771 ffiralssinitiales
760 4571 959 4670 magnarii
986 4596 1036 4745 no
1063 4572 1250 4671 eleganter
1271 4567 1461 4665 incisas&
1481 4569 1780 4767 signatnssssgpse

553 4160 720 4251 ril'ciani
761 4160 1068 4271 luterpretutio
1101 4177 1157 4247 ex
1189 4156 1409 4274 Dionylio
1451 4165 1506 4249 de
1542 4160 1779 4261 srtuorbis,
1908 4186 1911 4191 ·
