3922 5176
130 292 245 435 ,te
839 250 1162 373 ss

191 465 408 543 sennonum.
457 459 557 537 Folio
579 461 685 535 tertio
708 458 855 557 incipiit
867 459 1012 557 sermio
1029 454 1333 555 pucdeogefimcses
1361 458 1524 535 notastiset
1553 472 1637 561 ctq3
1656 461 1817 560 perutiles

191 563 252 661 qui
269 560 439 659 thesaurus
459 579 563 631 nouus
584 557 809 636 intitulantur.
860 559 1023 634 Exterior
1044 555 1159 632 forma
1184 557 1313 633 borum
1336 556 1537 633 sermonum
1560 559 1678 656 quoad
1699 561 1821 636 omnia

195 661 369 738 convenit
396 680 479 732 cum
508 654 727 731 sermonibus
748 655 794 729 de
819 668 981 751 tempore
1003 653 1210 730 immediate
1235 655 1530 751 praecedentibus.
1608 659 1726 744 Quare
1751 659 1821 731 hos

79 764 103 827 ’.
193 756 308 835 etiam
333 754 529 830 absartino
558 750 584 825 F
585 752 666 830 sach
695 751 884 847 vimpressos
919 750 1016 825 fuisse
1050 751 1169 826 nulius
1203 748 1342 836 dubito,
1372 752 1455 826 licet
1487 752 1524 827 in
1558 750 1820 852 subscriptione:

196 852 231 931 0
254 878 292 928 us
319 851 426 940 putise
480 852 576 922 moeri
593 848 893 946 quadragesmosiei
927 845 1112 943 sirefirurue
1131 853 1219 922 nou⁹
1237 847 1607 947 nicupotiArg'entiue
1622 856 1725 949 inepte
1752 876 1821 924 um.

236 941 392 1025 orosii.
470 943 719 1045 ,cccclxxxvis
750 945 844 1021 Finit
858 944 1016 1039 feliciter.
1063 945 1166 1044 Typo
1208 946 1292 1041 ephi
1312 970 1446 1020 nomen
1466 972 1539 1021 non
1559 944 1600 1021 stt
1613 972 1721 1046 expre
1748 972 1825 1022 um.

197 1047 345 1126 Oriundi
367 1070 449 1218 paz.
471 1071 548 1119 121.
571 1047 740 1122 excitavit
762 1043 980 1120 Thesaurum
1004 1066 1141 1118 nouum
1166 968 1378 1118 seimonum.
1395 1042 1470 1121 Foi.
1490 1069 1522 1119 2.
1546 1045 1624 1122 Voi
1646 1067 1709 1142 per
1724 1045 1826 1120 Mar·

195 1147 310 1223 tinum
336 1146 417 1221 {isac
468 1144 570 1237 1484.
588 1142 627 1218 ἃ
650 1157 752 1239 1485.
801 1140 963 1216 Nostram
986 1142 1080 1217 hanc
1101 1162 1184 1215 cum
1202 1140 1393 1216 Maittairio
1418 1142 1607 1237 ignoravit
1684 1140 1830 1218 Editio·

49 1246 54 1255 “
198 1267 284 1319 uem
305 1246 524 1320 Sermonum
544 1239 590 1312 de
611 1239 747 1316 Scottis
769 1238 902 1336 pariter
921 1238 1146 1334 argentinam
1159 1236 1313 1313 recensui
1329 1236 1375 1313 ad
1388 1262 1521 1332 annum
1541 1241 1643 1336 1486.
1657 1238 1706 1314 N.
1723 1234 1827 1315 ΧΧῘ.

196 1340 325 1419 Denuo
348 1340 418 1417 alia
441 1338 636 1412 eorundem
660 1336 863 1412 sermonum
882 1336 992 1411 editio
1015 1336 1161 1411 Martini
1184 1332 1296 1411 Fsacb
1319 1335 1470 1410 occurrit
1489 1336 1536 1412 ad
1555 1360 1690 1412 annmn
1722 1350 1830 1425 1488·

197 1436 245 1515 N.
264 1439 308 1517 V.
384 1434 601 1511 Sermonum
624 1435 671 1509 de
697 1432 819 1509 santtis
840 1434 947 1509 aliam
969 1432 1163 1508 editionem
1185 1455 1279 1508 armo
1305 1446 1409 1533 1487.
1434 1429 1618 1508 Antonius
1642 1435 1832 1530 Koburget

199 1536 403 1618 adornavit,
427 1531 543 1608 statim
565 1531 828 1608 recensendam.
878 1530 934 1603 De
956 1527 1115 1615 auttore,
1140 1530 1201 1627 qui
1221 1527 1330 1627 vulgo
1353 1528 1526 1617 creditu,
1547 1531 1677 1608 horum
1697 1530 1833 1608 sermo·

199 1658 290 1711 ntuu
310 1630 478 1731 quaedam
499 1628 575 1705 dixi
599 1629 647 1705 ad
667 1650 804 1704 artuum
828 1636 931 1725 148⁶.
954 1626 1001 1703 N.
1017 1624 1118 1705 XXI.

207 1862 319 1991 vil.
351 1885 596 1982 Thesaurus
613 1918 758 1982 novus
774 1824 1018 1981 sermonum
1042 1889 1100 1977 de
1124 1887 1312 1978 Scottis.
1370 1887 1453 1985 Per
1470 1891 1639 1980 Anton.
1659 1888 1848 1980 Robur.-

311 2035 388 2122 ger
412 2004 709 2118 Norimbergae
732 2031 856 2118 1487.
893 2007 937 2094 in
963 2000 1003 2092 F
1007 2006 1068 2095 ol.

362 2199 504 2277 Folium
549 2201 683 2276 timum
708 2222 864 2276 vacuum
887 2197 948 2274 est.
999 2190 1101 2276 Folio
1120 2199 1272 2276 secundo
1300 2192 1432 2273 Tciuso
1452 2198 1592 2276 citerius
1608 2203 1720 2300 per-tis
1747 2199 1837 2276 she·

183 2292 295 2403 ,sorti
323 2300 403 2371 nont
435 2297 476 2372 eie
501 2224 626 2393 sotiis
643 2296 707 2396 sc3
779 2292 964 2393 oquosiiet
984 2321 1152 2373 numnam
1179 2318 1193 2377 r
1217 2306 1365 2394 quottcm
1388 2295 1546 2468 samoni
1571 2322 1616 2373 ex
1640 2299 1755 2375 ordine
1764 2299 1835 2399 suo

201 2400 284 2476 certi
310 2421 390 2471 conr
405 2394 627 2493 subsequitur.
679 2396 707 2471 F
709 2422 730 2471 o
745 2397 781 2471 io
796 2394 904 2470 tertio
929 2393 1100 2492 Incipiunt
1113 2393 1281 2492 sermones
1306 2405 1385 2468 neto
1410 2395 1469 2469 iser
1490 2409 1588 2491 etque
1609 2399 1766 2494 perutiles
1790 2397 1836 2473 de

195 2497 238 2593 so
292 2498 320 2569 ir
347 2493 415 2570 dec.
439 2494 476 2568 in
495 2495 634 2568 duabus
672 2494 848 2570 columnis
878 2494 1025 2587 gothico
1057 2493 1257 2570 charaiiere
1282 2493 1483 2569 firmiffimae
1512 2497 1666 2582 charta,
1688 2496 1726 2573 de
1750 2495 1836 2572 satis

202 2594 296 2672 albae
316 2587 478 2688 impreffi.
530 2591 763 2685 signatores,
789 2589 828 2667 dc
850 2590 1063 2686 paginarum
1084 2588 1328 2687 inscriptiones
1340 2592 1589 2691 typographus
1604 2593 1673 2691 ipse
1687 2592 1838 2688 adjecit.

203 2688 377 2769 Custodes
398 2710 501 2771 vero,
528 2687 680 2763 urnales
702 2688 849 2769 litterae,
880 2686 917 2762 ae
943 2688 1085 2761 numeri
1129 2689 1315 2782 aginanum
1336 2687 1469 2763 desunt.
1532 2689 1572 2764 ln
1594 2691 1665 2767 ime
1689 2692 1839 2788 sequen·

203 2788 255 2865 tiu
276 2799 367 2882 typo
432 2786 525 2879 phus
550 2782 693 2880 adjecit.
746 2781 913 2879 Opuscuiri
928 2783 1063 2892 smooi
1143 2782 1260 2882 escur⁹
1285 2790 1372 2857 nou⁹
1393 2783 1485 2858 baud
1509 2787 1637 2860 imerito
1657 2789 1838 2865 intitulatus

202 2882 246 2960 ese
270 2895 327 2991 {pe
401 2880 526 2977 sctien
556 2887 640 2956 toti⁹
666 2883 726 2957 cut
749 2881 918 2959 currieusti
933 2879 1044 2977 sceris
1071 2879 1264 2979 dogmatista
1279 2888 1453 2995 porrecti.
1518 2883 1839 2983 Exptse'cntioni‘

204 2979 361 3081 soberger
390 2967 528 3062 imnic‘t‘
545 2982 696 3054 ciuitatis
717 2976 905 3055 Nurernber
930 2984 956 3054 i.
978 2976 1083 3053 ineose
1099 2981 1281 3077 perlucide
1308 2986 1463 3059 exorati.
1493 2979 1598 3057 Anno
1613 2983 1750 3082 scsutir.
1777 2914 1835 3060 sis

205 3068 555 3178 cccclxxxnijssfinem
578 3082 653 3153 esau
668 3090 704 3153 et.
728 3102 765 3191 cc.
792 3077 847 3151 is’.
919 3079 1015 3190 nerii.
1063 3076 1363 3192 subscriptionem
1389 3078 1502 3193 hanc,
1532 3095 1670 3158 mutata
1695 3098 1839 3198 minen,

205 3174 860 3371 siriiiisir'eiiiiss‘iiii’ci
875 3173 1842 3373 thistit}‚titttsttttttthtttstt

207 3376 263 3450 nis
303 3373 486 3471 exemplar
522 3373 701 3448 sermones
736 3384 812 3448 tam
844 3370 890 3445 de
925 3381 1105 3465 tempore,
1132 3389 1240 3467 quam
1271 3373 1316 3447 de
1343 3370 1483 3447 Samiis
1513 3376 1770 3470 complessem,
1799 3377 1839 3454 io

209 3471 437 3547 Bibliotheca
458 3467 704 3546 Ratisbouensr
725 3469 837 3544 civica
857 3465 994 3542 exstare
1024 3465 1181 3545 testatur.
1260 3466 1369 3567 Apud
1390 3493 1457 3544 nos
1480 3495 1553 3544 non
1577 3471 1636 3547 nist
1661 3474 1841 3551 sermones

209 3568 257 3643 de
283 3566 408 3641 sannis
433 3566 580 3644 exstant.
647 3565 777 3644 Editos
803 3579 925 3640 autem
954 3563 1199 3661 aKoburgero
1226 3566 1383 3663 hoc-vel
1404 3569 1622 3663 praecedenti
1648 3571 1722 3667 jam
1743 3598 1842 3648 auno

209 3664 306 3742 fuisse
329 3666 438 3740 etiam
462 3665 639 3739 sermones
669 3662 835 3740 Thesauri
860 3662 943 3736 novi
970 3661 1016 3735 de
1042 3675 1222 3759 tempore,
1255 3676 1355 3761 patet
1383 3690 1430 3740 ex
1456 3664 1700 3764 subscriptione
1729 3669 1843 3748 modo

210 3761 372 3839 recitata.
423 3761 610 3837 Roederus
632 3764 667 3835 in
696 3759 862 3859 Cctasogo
883 3759 1094 3844 Librorum,
1125 3763 1184 3856 qui
1197 3761 1290 3836 Saec.
1308 3760 1389 3836 XV.
1407 3761 1568 3839 Norimb.
1586 3764 1736 3864 impressi
1752 3767 1844 3856 sunt,

260 3881 293 3955 ς.
308 3885 365 3956 33.
387 3859 551 3935 meminit
570 3872 712 3933 tantum
733 3857 937 3934 sermonum
961 3857 1007 3931 de
1027 3871 1208 3954 tempore,
1235 3859 1289 3933 uti
1313 3858 1388 3955 post
1415 3861 1621 3938 Roederum
1642 3866 1763 3956 author
1782 3868 1847 3949 bes

211 3882 320 4041 iibere
346 3957 466 4039 isurun
492 3953 695 4050 sstbutpett
718 3953 786 4031 &o
810 3977 891 4051 pag.
912 3980 970 4127 αἶ.
1049 3953 1237 4030 Roederus
1264 3970 1385 4032 tamen
1407 3958 1548 4035 innota
1570 3960 1856 4051 animadvertit..

213 4057 251 4130 in
272 4055 448 4149 Catalogo
471 4054 705 4130 Bibliothecae
728 4053 933 4128 Gottwicen
949 4075 980 4127 1s
1005 4051 1149 4149 scriptos
1172 4054 1205 4130 se
1226 4054 1385 4152 reperisse
1411 4055 1590 4132 sermones
1618 4061 1663 4134 de
1688 4059 1844 4144 sanata

213 4152 272 4229 Ci.
291 4153 470 4230 Panzerus
494 4152 533 4226 in
556 4149 738 4227 novissimo
763 4171 888 4343 opere,
914 4149 1011 4248 quod
1031 4151 1102 4227 hac
1130 4153 1285 4251 primum
1308 4152 1397 4229 hora
1417 4154 1464 4229 ad
1491 4179 1621 4232 manus
1636 4180 1740 4233 meas
1761 4180 1847 4255 per·

214 4250 316 4327 venit
341 4245 477 4344 (estete
495 4233 776 4344 ffiubbtuifetpt
789 4246 909 4343 mititte
933 4241 1147 4346 <titubent
1172 4273 1252 4347 pag.
1272 4275 1351 4347 104.
1375 4276 1448 4327 non
1471 4252 1534 4326 nisi
1565 4255 1768 4332 sermonum
1796 4257 1845 4336 de
1957 4250 1959 4253 ’

213 4348 562 4522 ἓῗὲιῗίἒωιῖῑῇῗηίηἰῑ,
593 4345 630 4422 dt
651 4348 688 4420 in
715 4345 968 4444 subscriptione
997 4367 1083 4420 cum
1113 4347 1168 4423 cl.
1188 4349 1381 4426 Gemeiner
1400 4373 1508 4425 uoces
1533 4351 1573 4427 de
1600 4350 1755 4452 simporr
1777 4376 1845 4454 pa·

1649 4642 1783 4817 nn
