3892 5182
715 308 1047 439 ψ
1632 317 1688 445 ⁵3

84 510 208 608 XIV.
235 508 428 638 Pr‘rrsrm'
452 509 878 641 Tbrosogimngiiiri
901 502 1142 633 &obnoxii-
1167 514 1217 611 osa
1240 512 1494 637 „Trivio-'arr
1535 524 1688 613 ordina

197 630 372 739 minora
398 633 545 721 oratio
569 636 625 721 da·
642 626 908 739 Animarum
924 634 1260 749 innnortnsiiata
1284 636 1484 739 habitare
1517 640 1576 725 nd
1591 637 1689 725 Six-

197 755 288 831 tnm
315 738 679 859 qnnrtcm'Pont.
711 738 841 847 Max,
899 750 1030 855 Anno
1055 746 1236 861 scintis.
1273 744 1470 853 MCCCC
1511 746 1689 843 XXIII.

233 853 245 865 ..

159 956 162 961 ,
195 852 342 959 ibonis
369 844 631 950 Decembris.
652 874 708 1035 [ᾖ

175 1073 517 1152 Haecverbotenus
537 1078 708 1174 leguntur
725 1080 764 1154 in
789 1080 911 1155 fronte
931 1080 1060 1175 primae
1083 1080 1228 1173 paginae
1245 1079 1354 1175 hujus
1376 1077 1555 1175 opusculi,
1594 1080 1693 1173 quod

84 1172 141 1249 sex
163 1173 264 1247 soliis
289 1175 621 1269 comprehenditur.
670 1178 845 1251 Exterior
868 1177 1059 1271 sonnacii
1079 1175 1226 1279 prorsus
1248 1178 1378 1250 eadem
1394 1200 1479 1249 cum
1501 1176 1693 1249 immedia-

82 1286 120 1345 te
141 1268 315 1363 sequenti.
398 1272 518 1357 Quare
543 1297 618 1349 non
645 1274 791 1359 dubito,
819 1274 907 1369 quin
927 1274 1126 1349 ex'eadem
1150 1295 1294 1369 quoque
1319 1273 1496 1369 prodierit
1517 1286 1693 1368 typogra-

107 1367 169 1441 hia
188 1366 288 1439 circa
306 1364 418 1439 tinem
440 1366 549 1464 hujus
570 1373 656 1444 anni
679 1392 790 1483 ¹4733
816 1368 879 1445 etsi
904 1394 951 1444 ne
974 1371 1033 1445 hic
1056 1372 1209 1466 quidem
1236 1392 1353 1443 annus
1374 1371 1411 1444 in
1433 1368 1506 1444 fine
1530 1380 1691 1443 notetur.

83 1488 123 1633 ln
143 1463 266 1633 nolsiro
288 1463 489 1635 exeppplari
510 1467 675 1543 medium
703 1482 800 1545 inter
823 1466 1070 1555 Praecedens,
1105 1467 1332 1563 &proxime
1355 1465 1510 1565 sequens
1542 1465 1695 1567 opuscu-

99 1582 161 1635 um
198 1582 355 1633 ocumo
411 1574 486 1637 net.

91 1784 189 1885 XV.
219 1780 394 1879 Protin.
433 1786 639 1911 Theologr'
663 1790 853 1907 magidri
881 1790 1115 1904 &ohannis
1151 1788 1386 1909 Traniinfit
1423 1794 1595 1884 ordinis
1616 1792 1698 1882 mi·

197 1930 286 2011 noa,
318 1906 464 1996 oratio
493 1909 542 1995 da
572 1910 665 1997 vari
692 1902 824 2025 maffia
851 1912 1009 1997 adonin
1033 1906 1184 1997 babitu
1209 1912 1327 2021 opud
1355 1905 1486 1997 Sina
1525 1905 1693 2025 anrtri

199 2016 420 2129 Haiificam
444 2022 718 2119 Maximam:
749 2030 965 2122 dominica
980 2030 1170 2145 fironda
1197 2034 1436 2120 narrentur:
1482 2031 1613 2117 cinno
1633 2053 1696 2115 re·

115 2274 118 2285 Ι
183 2134 395 2287 impunis
415 2140 474 2239 M
492 2144 758 2281 ccro'Locxij.
789 2148 942 2247 osiaco
968 2152 1300 2277 idne-decimis.
1327 2192 1364 2299 p

200 2338 283 2417 Hac
303 2342 527 2419 verbotenus
550 2342 722 2439 leguntur
742 2346 783 2421 in
800 2346 924 2425 fronte
944 2349 1076 2444 prinae
1092 2345 1249 2441 paginae.
1314 2344 1519 2418 Externum
1539 2341 1699 2418 formam

121 2431 204 2533 strix
218 2437 379 2535 opusculi
398 2438 467 2516 esse
489 2442 643 2516 eandem
666 2465 750 2517 cum
763 2444 916 2519 duobus
937 2442 1251 2543 praecedentibus,
1266 2486 1271 2498 ·
1288 2438 1365 2537 jam
1392 2440 1528 2514 iterato
1543 2438 1698 2515 ‚monui

113 2531 238 2609 Consu
256 2535 359 2610 soliis
382 2537 520 2612 decem.
569 2537 612 2612 ln
635 2538 708 2614 fine
729 2540 811 2617 haec
832 2541 968 2637 legitur
993 2541 1137 2615 notitia.
1167 2578 1170 2583 ·
1195 2536 1374 2637 Impreffirs
1394 2540 1437 2637 est
1457 2534 1510 2610 bic
1522 2535 1701 2639 sermo-jn

105 2636 187 2743 ὀψο
242 2640 384 2713 obsianis
397 2638 795 2740 Pbisrppi'drsignomine
809 2643 940 2743 maffari.
959 2642 998 2720 S.
1013 2644 1062 2717 D.
1081 2643 1131 2718 N.
1147 2642 1355 2717 Familiaris.
1408 2638 1513 2716 Anno
1529 2638 1699 2739 ejasscdo.

101 2734 185 2813 Cum
234 2738 338 2811 ixtus
362 2735 424 2813 IV.
448 2736 523 2833 jam
548 2762 644 2813 anno
673 2766 777 2839 1471.
818 2740 864 2817 V.
882 2742 967 2816 arus
983 2738 1137 2837 Augusti
1155 2740 1316 2815 summus
1339 2739 1512 2831 Pontifex
1539 2752 1698 2823 creatus,

102 2832 139 2909 ἀ
158 2834 310 2929 praesens
334 2833 544 2931 opusculum
567 2837 928 2913 a11n0Pontificatus
952 2840 1118 2913 eiusdem
1141 2836 1303 2911 s'ecnndo
1315 2837 1456 2909 editum
1473 2838 1702 2913 -suerittdu-

98 2930 194 3005 bium
217 2930 288 3015 est,
311 2954 360 3003 an
379 2931 426 3005 ad
447 2954 583 3005 annum
611 2958 702 3031 1472
721 2935 781 3008 vel
803 2934 851 3008 ad
883 2956 1022 3008 annum
1049 2958 1139 3031 1473
1167 2933 1360 3007 reserenda
1385 2929 1428 3006 sit
1452 2932 1533 3007 haec
1559 2928 1701 3006 editio?

99 3026 216 3101 Posset
237 3029 335 3101 enim
362 3027 512 3102 omnino
538 3029 586 3102 ad
609 3054 747 3104 annum
771 3054 862 3127 1473
880 3032 1026 3111 reserri,
1054 3028 1208 3103 simodo
1225 3044 1320 3115 ante¹
1336 3028 1378 3103 V.
1403 3029 1502 3102 diem
1521 3028 1609 3102 Idus'
1622 3026 1702 3101 Au·

93 3124 192 3217 gusti
215 3122 305 3197 iada
327 3122 430 3199 fuisse
451 3125 605 3200 dicatur.
656 3124 757 3201 Ante
772 3126 870 3199 hunc
888 3127 988 3199 enim
1010 3126 1108 3199 diem
1122 3147 1240 3199 annus
1255 3125 1497 3199 pontificatus
1523 3124 1622 3199 Sixti
1638 3122 1701 3199 IV.

93 3222 222 3295 adhuc
243 3220 414 3314 agebatur
439 3222 631 3297 fecundus.
710 3221 876 3333 Sequens
899 3236 1001 3295 certe
1021 3219 1250 3315 opusculum,
1276 3222 1374 3314 quod
1396 3246 1443 3293 ex
1460 3220 1594 3295 eadem
1618 3243 1702 3313 pro·

97 3318 165 3391 diit
195 3320 456 3413 topographia,
481 3319 519 3391 in
542 3318 614 3394 {ine
638 3320 807 3418 expressis
833 3315 956 3395 verbis
984 3341 1081 3393 anno
1109 3342 1200 3415 1473
1228 3316 1402 3412 Pontificis
1419 3312 1516 3389 Sixti
1529 3314 1599 3389 IV.
1615 3338 1703 3419 anno

92 3399 237 3511 secundo
260 3414 402 3490 editum
421 3427 583 3491 notatur.
1206 3426 1209 3431 '
1414 3430 1433 3455 '·
1589 3454 1592 3463 ·

97 3646 223 3741 xvi.
249 3647 473 3765 Francisci
493 3648 758 3760 (Roborei)
788 3648 952 3736 ordinis
978 3646 1205 3759 Minornm
1239 3644 1283 3735 S.
1304 3644 1420 3741 Petri
1446 3647 1500 3731 ad
1530 3643 1705 3751 nincuia

220 3766 481 3868 Cardin'alis,
513 3766 661 3877 postea
686 3764 816 3877 ,Papa
851 3762 962 3849 Sixti
993 3760 1084 3866 lV,
1129 3758 1361 3847 'fracturus
1396 3780 1550 3845 contra
1575 3785 1704 3871 quos·-

156 3930 161 3937 ·
217 3883 315 3965 dam
358 3882 517 3965 nussam
552 3877 892 3993 propositionem
933 3872 1176 3962 defuturis
1216 3873 1571 3985 contingentibus
1608 3870 1707 3957 fore

217 4020 363 4081 veram
392 4012 606 4079 tenentes.
662 3987 890 4105 Impressas
913 3986 1064 4079 Roma
1086 3988 1131 4077 in
1155 3991 1288 4078 domo
1310 3984 1412 4100 Job.
1437 3984 1627 4099 Philippi
1651 3986 1706 4107 de

219 4108 477 4255 Liguanrine
504 4132 603 4251 ann.
632 4131 754 4219 ¹473·
791 4132 830 4267 p

200 4304 242 4380 In
264 4299 388 4375 aversa
415 4301 524 4396 primi
543 4300 624 4375 sosii
645 4300 778 4399 pagina
799 4299 934 4395 iegitur
958 4300 1036 4397 Job.
1061 4295 1219 4390 Philippi
1241 4293 1288 4368 de
1309 4291 1527 4385 signamine,
1554 4286 1615 4400 qui
1635 4287 1706 4398 boc

107 4402 316 4501 opusculum
335 4415 510 4494 typorum
532 4398 703 4471 sormuiis
728 4396 1005 4473 exscribendum·
1021 4394 1193 4501 curavit,
1237 4390 1283 4464 ad
1303 4390 1520 4471 notiorem,
1546 4407 1708 4497 quinam

106 4502 166 4576 sub
189 4498 287 4581 Sixti
320 4495 371 4571 IV
410 4496 557 4570 nomino
583 4495 744 4569 summus
768 4498 848 4568 erat
870 4494 1058 4575 Pontis'ex,
1098 4490 1309 4572 Derbentio,
1351 4510 1398 4557 ex
1425 4506 1497 4578 qna
1518 4484 1707 4563 discnnus,

107 4597 181 4696 jam
200 4612 286 4677 aute
315 4593 474 4671 eundern
502 4592 673 4683 auctoris¹
689 4590 855 4689 ejusdem
880 4590 1022 4697 libellos
1041 4590 1087 4663 de
1108 4585 1279 4680 sanguine
1300 4580 1431 4659 Christi
1452 4582 1491 4659 dc
1515 4581 1561 4653 de
1578 4590 1708 4749 ppitpn·
