3892 5182
72 326 327 412 „rol⁸
819 277 1144 401 ἑὲ

170 495 269 598 XX,
296 489 424 587 Lini
458 483 638 575 Novem
673 479 855 569 Codicis
889 482 1112 596 Justiniani
1153 481 1435 596 Imperatoris
1470 506 1569 571 curn
1615 458 1795 597 Glollis,

282 604 579 712 Norimbergae
605 597 867 712 perAnton.
897 595 1126 708 Koburger
1159 611 1286 704 1488,
1316 598 1360 683 in
1385 598 1486 690 l'ol.

330 795 437 895 Operi
488 789 657 867 raemilsus
678 789 727 865 est
746 788 857 866 index
882 786 1126 886 alphabeticus
1151 790 1399 877 materiarum,
1435 790 1549 866 tribus
1574 789 1673 887 foliis,
1691 813 1792 867 com·

166 892 392 1007 prehensus,¹
450 815 552 998 ipoliti
577 884 703 999 quarto
735 909 827 983 opus
853 885 965 983 ipsum
996 908 1078 997 curn
1104 885 1222 982 glolhs
1245 888 1366 986 incipit
1392 886 1538 982 gothico
1568 883 1789 972 charaiiere,

171 1001 225 1097 (T
227 1007 333 1073 extus
355 988 461 1102 paulo
481 1006 608 1079 majon
631 985 668 1059 in
693 984 831 1059 duabus
853 983 1044 1066 columns,
1072 982 1180 1078 glolla
1203 1006 1288 1059 vero
1316 985 1445 1060 minori
1463 984 1500 1056 in
1521 997 1673 1079 quatuor
1694 995 1808 1057 mar·¹

129 1126 131 1131 >
170 1082 577 1195 gimbus)1mrellum.
654 1077 718 1157 Ab.
743 1082 814 1155 hoc
843 1080 928 1155 folio
944 1077 991 1159 ,dr
1021 1079 1188 1178 deinceps
1216 1081 1381 1156 foliorum
1409 1101 1577 1154 numeros
1598 1103 1791 1172 romanos,

171 1221 204 1277 e,
221 1218 256 1290 g.
281 1185 342 1262 Fo.
360 1107 440 1257 Hi
457 1179 496 1254 dc
517 1177 724 1274 paginarum
741 1176 1014 1288 inscriptiones,
1050 1201 1081 1251 e.
1096 1200 1131 1272 g.
1155 1174 1261 1252 Liber
1279 1176 1416 1252 Primus
1439 1214 1479 1231 -
1512 1172 1616 1250 Liber
1643 1175 1788 1275 Quintus

171 1295 277 1372 rubro
301 1282 419 1357 colore
482 1274 686 1372 pographus
707 1275 847 1369 adjecit.
898 1274 999 1348 ldem
1013 1274 1165 1370 paginas·
1175 1273 1342 1371 signavit,
1366 1274 1403 1350 dc
1417 1270 1559 1368 singulis
1581 1273 1677 1349 hhris
1699 1273 1819 1369 ligu·.

170 1377 450 1481 mm'quandam
475 1376 558 1467 igno
580 1371 738 1455 indiam,
761 1369 1030 1464 &argumento
1050 1371 1382 1469 correspondentem
1400 1367 1579 1467 praemisit.
1628 1370 1797 1445 Plerum-

171 1510 241 1583 que
263 1480 370 1555 etiam
389 1470 545 1548 initiales
567 1468 687 1543 literas
710 1468 921 1563 majusculas
945 1470 1050 1543 rubro
1073 1467 1191 1543 colore
1213 1469 1393 1564 imprellas
1414 1467 1561 1542 addidit.
1613 1466 1656 1541 ln
1669 1462 1793 1543 auersa

171 1581 301 1680 pagina
321 1571 393 1649 folii
416 1565 588 1643 CCCCll.
611 1568 743 1660 (402.)
763 1568 868 1639 rubro
890 1566 1022 1662 pariter
1043 1565 1161 1640 colore
1180 1565 1260 1639 haec
1280 1565 1447 1660 leguntur
1469 1562 1651 1659 impressa:

370 1663 502 1739 Codicis
538 1661 664 1734 domini
697 1657 890 1763 ffiallininni
914 1661 1077 1758 principis
1097 1661 1321 1762 janctifflmi.
1356 1661 1490 1758 repetite
1509 1681 1589 1757 pru

367 1761 512 1837 leliionis
534 1757 618 1833 liber
640 1781 744 1831 nonus
766 1759 907 1856 explicit
926 1758 1085 1853 filiciter.

815 1866 817 1871 '
903 1904 908 1923 ι
939 1853 1032 1929 -Deo
1080 1856 1198 1930 ratior.

366 1953 488 2054 Noslre
525 1950 722 2026 redemto‘nis
760 1949 866 2027 Anno
893 1951 958 2028 M.
986 1879 1226 2050 cccclxxxviii
1277 1948 1349 2030 lts.
1393 1949 1542 2058 Februa,

365 2055 420 2149 rij.
446 2047 516 2127 Sul
531 2048 641 2147 Impia
661 2047 814 2123 Federici
841 2047 942 2146 (fic)
964 2052 1126 2153 principis
1154 2046 1347 2222 inaiffmi
1368 2073 1456 2122 anno
1476 2053 1537 2144 im,

361 2150 453 2248 perii
469 2150 547 2222 rius.
571 2149 683 2241 xxvij.
708 2144 880 2242 Insculpti
900 2152 942 2244 efl
964 2145 1027 2223 loc
1054 2171 1135 2245 opus
1164 2149 1198 2219 in
1262 2144 1455 2242 aremberga
1478 2171 1537 2243 cp,

258 2262 267 2289 ’
363 2243 445 2344 pido
479 2241 654 2317 Germanie
693 2241 935 2347 celebratiffimo
973 2242 1058 2345 ἐπέβα
1089 2241 1259 2343 Antionij
1288 2240 1462 2344 lolngerr
1492 2244 1540 2339 ci,

366 2343 418 2418 uis
440 2336 742 2441 Narembergensts.

167 2602 287 2700 illil.
339 2594 631 2690 lombardica
668 2593 876 2718 leioria
921 2550 997 2714 (in
1030 2573 1167 2716 prima
1193 2602 1322 2717 primi
1360 2600 1459 2691 folii
1494 2596 1684 2716 pagina)
1711 2597 1789 2690 seu

284 2714 502 2825 Legendae
520 2712 775 2801 Sandtoruru
801 2712 978 2801 audiore
1005 2716 1176 2827 Jacobo
1212 2721 1269 2806 de
1300 2715 1452 2831 janua.
1527 2715 1665 2805 Ulmae
1702 2739 1785 2830 per

278 2830 525 2918 conradum
550 2824 801 2917 Drincltmut
834 2853 958 2939 1483.
987 2831 1032 2916 in
1060 2827 1163 2918 Fol.

325 3023 381 3099 De
406 3040 514 3118 opere
534 3019 572 3098 dr
590 3019 737 3131 audate
754 3017 839 3096 scitu
862 3023 1052 3102 neocliaria
1073 3024 1146 3100 dixi
1169 3024 1216 3101 ad
1240 3040 1376 3102 annum
1399 3038 1510 3123 1478.
1541 3021 1589 3098 N.
1604 3019 1668 3098 Vl.
1719 3019 1788 3097 liu

164 3123 284 3205 aversa
304 3121 436 3218 pagina
456 3119 557 3214 primi
577 3116 649 3191 lolii
675 3118 785 3214 hujus
805 3120 972 3197 editionis
998 3122 1129 3217 legitur
1152 3123 1345 3217 Prologus,
1375 3125 1411 3198 in
1436 3148 1508 3219 quo
1525 3123 1632 3196 etiarn
1655 3119 1703 3194 de
1720 3117 1787 3194 usu

131 3298 140 3311 N
165 3225 203 3301 &
225 3218 425 3296 oeconomia
447 3216 597 3299 tabulae,
621 3214 679 3288 seu
699 3215 827 3290 indicis
849 3219 1079 3294 materiarum
1102 3219 1333 3315 alphabetici,
1365 3222 1426 3317 qui
1445 3220 1530 3293 folio
1554 3217 1705 3293 secundo
1727 3217 1782 3290 in·

84 3348 88 3355 ·
162 3322 263 3417 cipit,
292 3315 330 3390 dc
352 3315 391 3387 in
413 3310 564 3386 secunda
584 3311 656 3385 folii
686 3333 740 3397 14
770 3313 900 3407 pagina
926 3317 1149 3391 terminatur.
1201 3316 1334 3408 Pagina
1353 3317 1471 3392 averia
1493 3314 1608 3410 hujus
1627 3314 1700 3388 lolii
1721 3311 1782 3386 In·

162 3420 242 3511 cipit
263 3411 429 3505 Prologus
438 3407 512 3514 sup
533 3407 688 3520 legendas
698 3406 839 3504 firndca
853 3409 924 3487 &c
998 3413 1110 3488 Hunc
1136 3436 1214 3487 exer
1238 3415 1266 3485 it
1283 3414 1391 3488 index
1409 3413 1626 3509 singulorum
1654 3411 1779 3484 ordine

160 3513 380 3590 sermonum,
410 3508 624 3579 terminatus
637 3526 674 3578 in
689 3519 814 3600 quarta
831 3506 973 3585 column
992 3511 1067 3585 folii
1091 3513 1145 3584 16.
1193 3436 1293 3584 rillio
1315 3511 1464 3585 demum
1483 3520 1539 3583 16.
1564 3531 1654 3606 opus
1670 3509 1704 3606 ip
1720 3530 1784 3583 unr

157 3608 289 3782 lac
307 3603 422 3794 rna
461 3603 1241 3697 ee
1711 3628 1785 3780 a·

49 3885 52 3891 ¹
79 3863 88 3875 ,
158 3805 321 3898 ginarum
348 3819 433 3870 vero
452 3794 713 3892 inscriptiones,
743 3820 774 3871 e.
790 3806 826 3891 g,
859 3796 915 3871 De
931 3799 1040 3890 frando
1055 3757 1240 3872 'Dominico
1263 3756 1423 3896 'Legenda
1439 3801 1527 3875 cviii.
1541 3759 1779 3896 -Dep‘cndir

61 3966 64 3977 .
120 3898 345 3977 'Scuiniano
368 3892 408 3969 {a
431 3891 574 3970 Sanina.
602 3891 703 3987 Legi.
719 3895 827 3966 cxxii.
851 3893 889 3971 dt
908 3884 1105 3990 lignaturas
1128 3900 1373 3993 typographus
1394 3895 1534 3992 adjecit.
1604 3897 1790 3992 Legenda.

85 4006 89 4017 ’
156 3998 202 4071 de
226 3995 263 4069 S.
280 3990 444 4067 Silueliro
465 3991 677 4102 terminatur
698 3989 737 4063 in
760 3991 926 4101 columna
951 3995 1072 4077 tertia,
1094 3995 1189 4070 linea
1204 4019 1236 4087 o.
1259 3993 1335 4068 lolii
1357 3994 1459 4103 primi
1479 3994 1722 4088 quaternionis
1736 4014 1786 4092 gt·
1812 3994 1818 4005 “

152 4093 308 4187 legenda
330 4100 451 4163 autem
475 4084 530 4160 De
552 4099 735 4160 rnmtrone
760 4083 877 4161 Clucis
904 4091 970 4164 (in
988 4093 1143 4181 ordine)
1169 4090 1272 4170 lxiiii.
1298 4091 1422 4184 incipit
1448 4091 1551 4165 initio
1575 4090 1695 4166 statim
1718 4114 1789 4168 co·

132 4193 287 4265 lumnae
309 4185 434 4281 primae
456 4182 528 4257 folii
558 4196 615 4258 tr.
655 4211 658 4217 ·
690 4182 730 4257 ln
751 4198 875 4276 quarta
899 4186 1067 4266 columna
1091 4187 1162 4261 folii
1184 4187 1309 4283 signati
1329 4187 1425 4261 DDr
1455 4185 1615 4283 Explicit
1633 4184 1784 4285 legenda

32 4362 34 4367 ,
153 4279 380 4363 Lcmdardica
407 4279 448 4352 de
485 4277 657 4377 Uoragine
688 4276 819 4354 ordinis
841 4281 1107 4364 Predicctoram.
1137 4282 1296 4380 Episcopi
1321 4279 1535 4389 Januenstsz·
1590 4284 1632 4359 ln
1658 4287 1779 4398 prima

118 4442 120 4447 .
149 4397 271 4459 autem
296 4376 470 4473 sequentis
497 4375 572 4451 folii
591 4377 760 4466 columna
785 4377 971 4474 incipiunt,
1007 4381 1066 4459 seu
1100 4377 1262 4477 Sequunr
1279 4382 1387 4478 puedd
1409 4378 1544 4478 legande
1567 4404 1589 4453 c
1610 4379 1783 4480 quibusda

150 4478 229 4554 aliis
243 4471 468 4571 superaddite.
496 4470 547 4561 Ec
565 4474 674 4567 primo
694 4471 734 4544 de
760 4472 836 4549 deci
861 4474 995 4549 milibus
1016 4477 1114 4569 (hc)
1137 4483 1290 4553 marrim,
1362 4477 1423 4552 nd
1455 4478 1596 4561 ,calcem
1628 4478 1776 4557 ultima

147 4576 277 4658 harum
296 4569 529 4668 legendarum
551 4571 646 4654 cuca
667 4570 777 4654 finem
794 4570 974 4653 columnae
992 4574 1158 4660 sectandae
1176 4576 1252 4661 solii
1273 4577 1405 4664 decimi
1425 4573 1780 4759 ςιιίηῑεῐηίοὲιὲῦῦ
