3892 5182
1316 90 1348 149 ’Χ

762 286 1084 412 Ξὲἓξ
1307 344 1313 355 ’
1672 330 1724 422 13
1940 332 1944 339 ·

109 512 191 571 nen
209 493 342 596 semper
366 440 666 597 manuscriptorum
688 498 760 593 loco
777 499 862 595 saie.
912 494 1004 597 Esne
1017 514 1076 597 ape
1096 494 1233 572 mendas
1252 498 1459 601 geaviffimas
1472 501 1663 605 sustulimus

108 619 181 668 enm
204 594 399 684 editioneen,
428 598 632 697 ntomninm
654 590 787 672 nrinime
812 596 1029 671 corretioenne
1053 620 1175 671 manne
1195 607 1366 693 expertam
1386 599 1427 676 Θ
1444 600 1587 701 proinde
1614 602 1724 676 minue
1769 620 1781 633 ·
1894 664 1896 673 .

107 706 298 839 caeremon
318 718 396 837 per¹
410 697 522 769 omnic
535 693 797 838 securisumus:
826 697 889 794 nifi
915 720 956 837 ea
969 695 1145 837 ‘manifeste
1165 692 1285 793 vitiofie
1304 692 1388 796 effla.
1419 691 1503 797 api
1528 693 1743 855 Ἀώῳ

103 851 145 893 m
161 806 292 932 best.
312 811 532 917 swalma..
552 812 965 903 &camenamene
993 848 1153 951 βψ.
1414 914 1422 925 ,

101 929 199 1031 ΙΙΙ.
227 930 866 1141 peulfflppllilissllffiseittica.
924 933 1194 1051 Romamn.
1221 931 1344 1051 1469.
1380 934 1433 1025 In
1452 934 1585 1027 domo
1606 935 1723 1062 Petri

201 1271 301 1349 Haec
348 1270 444 1348 rima
461 1270 512 1347 est
531 1270 634 1347 istius
657 1271 779 1368 operis
800 1271 935 1359 editio,
962 1273 1068 1375 cujus
1089 1300 1164 1353 non
1185 1274 1292 1354 nilla
1319 1297 1351 1372 5.
1371 1272 1597 1371 exemplaria
1687 1271 1736 1348 is'
1803 1310 1807 1315 ·

98 1369 304 1484 mandata·
337 1369 414 1485 ‘'lle·
445 1367 635 1480 testantur·
650 1369 872 1543 typogrpphi
901 1372 1099 1486 Conradus·
1123 1299 1346 1457 Schweinire
1372 1399 1429 1460 m,
1468 1374 1508 1451 δι
1529 1281 1724 1485 Aeolidae

98 1469 271 1547 Pannarz
292 1490 334 1543 ro
359 1466 507 1564 epistola
527 1467 573 1542 ad
597 1464 781 1543 Sixtuml
820 1469 900 1543 .R.
918 1469 972 1545 P.·
987 1494 1070 1568 quae
1090 1473 1197 1548 mitio
1221 1472 1329 1550 Tomi
1385 1469 1550 1548 ‚Glossae
1573 1467 1723 1573 Nrcolar

100 1570 146 1644 de
168 1567 273 1664 Lyra
294 1588 393 1671 anno
417 1588 519 1673 1472.
539 1564 717 1661 impreffae
738 1562 883 1661 legittu.
936 1568 1026 1644 inde
1049 1568 1224 1646 editionis
1249 1571 1382 1647 raritas
1405 1567 1654 1663 cognoscitur,
1679 1565 1721 1645 de

99 1663 422 1764 typographorum
438 1664 607 1739 'nomina
633 1663 875 1739 innotescunt.
945 1665 1126 1753 „Exterior
1154 1669 1329 1744 editionis
1355 1669 1476 1744 forma
1491 1666 1628 1740 'eadem
1649 1662 1718 1753 est,

101 1763 200 1878 quod
228 1764 371 1837 chartae
384 1761 711 1875 magnitudinem,
725 1760 978 1873 ‘munditiam
1005 1777 1252 1862 typorumque
1278 1765 1435 1862 figuram
1457 1761 1605 1874 spectat,
1633 1780 1718 1858 quae
1795 1765 1798 1769 ’

103 1853 1720 2057 tutataetlttaltl{admanentibulttttuiualeat:

105 2057 237 2132 litterae
257 2053 440 2139 initiales,
466 2056 682 2150 paginarum
702 2057 857 2129 numeri.
905 2056 1168 2153 complebitur
1189 2072 1314 2134 autem
1330 2059 1410 2135 haec
1430 2056 1546 2133 editio
1568 2055 1750 2129 Novem.
1815 2130 1818 2135 ⁴
1864 2084 1868 2095 ·

110 2156 222 2228 decim
245 2152 361 2227 libros
377 2150 547 2226 Nodium
570 2153 779 2227 atticarum.
842 2153 1022 2241 Quamvis
1046 2157 1146 2231 enim
1168 2158 1301 2253 viginti
1324 2156 1437 2231 libros
1462 2174 1484 2229 a
1509 2152 1542 2229 se
1565 2151 1717 2248 scriptos

116 2249 209 2325 inille
228 2253 264 2325 in
285 2250 507 2349 praefatione
531 2249 604 2347 ipse
634 2248 806 2324 adfirmet
840 2250 1002 2328 Gellius:
1044 2278 1118 2328 non
1149 2252 1332 2351 superbiant
1362 2257 1487 2328 tannen
1516 2250 1626 2324 hodie
1653 2246 1718 2322 nisr

126 2345 205 2417 libri
222 2347 466 2423 novendecim.
517 2345 677 2422 Ostavus
703 2347 803 2421 eninr
828 2347 953 2446 detegi
974 2349 1147 2425 haitenus
1170 2352 1335 2426 nondum
1356 2351 1488 2446 potuit.
1541 2345 1629 2420 Sola
1648 2345 1718 2419 hu·
1768 2436 1773 2443 ι

129 2437 141 2454 ’
190 2443 263 2519 libri
291 2447 332 2521 in
354 2444 435 2522 XV.
459 2444 582 2616 capita
605 2442 758 2519 distinili
781 2447 1068 2541 argumentanti
1094 2468 1163 2523 nos
1188 2457 1446 2545 pervenerunt.
1474 2506 1482 2515 .
1511 2442 1652 2520 Verum
1677 2441 1745 2521 bc.

208 2564 356 2639 quoque
377 2565 425 2618 an
450 2543 489 2640 ip
501 2564 561 2627 ,rus
592 2540 669 2619 lint'
693 2540 823 2629 Gellii,
863 2542 1071 2620 dubitatum
1094 2543 1146 2621 est
1167 2546 1213 2621 ab
1238 2545 1404 2621 eruditis.
1478 2541 1619 2617 Eadem
1642 2564 1718 2617 nou

113 2639 196 2713 nulli
214 2641 373 2717 editioni
405 2653 552 2719 venetae
573 2644 666 2715 anm
683 2653 698 2714 1'
705 2656 807 2734 sco,
834 2640 897 2715 alii
926 2640 1009 2716 aliis
1038 2642 1263 2719 editionibus
1287 2645 1447 2740 primum
1469 2637 1642 2714 acceffille
1659 2638 1716 2713 fe·

111 2750 200 2813 nent
250 2740 294 2815 ln
318 2735 439 2813 nostra
461 2749 562 2816 certe
585 2736 725 2813 desunt:
773 2735 882 2815 Sexti
900 2736 985 2814 libri
1007 2741 1155 2817 initium
1177 2742 1217 2816 in
1239 2742 1410 2817 omnibus
1427 2737 1525 2815 deest
1543 2736 1751 2813 editioni·
1795 2772 1803 2803 ·.

111 2834 186 2909 bus.
250 2833 388 2911 Noites
410 2836 537 2911 atticae
560 2858 625 2910 cur
648 2857 781 2910 nomen
805 2835 982 2911 indiderit
1002 2834 1231 2914 hisce'libris
1258 2838 1399 2923 enitor,
1427 2836 1499 2932 ipse
1523 2837 1562 2911 in
1584 2833 1681 2931 prael
1697 2873 1716 2937 7

109 2929 207 3009 tione
235 2931 404 3029 exposuit
424 2928 529 3009 liis'ce
554 2930 699 3009 verbis:
743 2931 910 3032 Quoniam
932 2933 1123 3032 longinquis
1142 2961 1205 3034 per
1227 2934 1360 3010 biennem
1383 2931 1537 3010 nobiibns,
1554 2935 1588 3005 in
1609 2952 1715 3029 agro,

98 3029 183 3129 fient
206 3027 306 3116 dixi,
335 3041 434 3104 terrea
454 3032 566 3104 attica
588 3032 873 3105 commentationes
902 3027 999 3105 leasce
1028 3031 1142 3106 indere
1170 3058 1210 3106 ac
1225 3034 1342 3128 facere
1364 3027 1628 3132 exorst'snmns:
1662 3025 1715 3101 id·
1780 3046 1784 3051 ·

103 3129 194 3201 circo
218 3151 272 3200 eos
293 3125 416 3227 inferio
440 3153 513 3202 mas
535 3125 674 3201 noiiieem
697 3125 757 3225 effe
779 3127 969 3202 atticorum.
1033 3127 1130 3203 Sunt
1151 3152 1238 3204 vero
1260 3130 1336 3205 istae
1360 3128 1482 3204 nostes
1501 3128 1626 3203 atticae
1651 3127 1717 3201 ob·
1824 3206 1834 3219 ,

106 3224 350 3313 terentianae,
450 3225 712 3301 annotationes
735 3221 973 3299 miscellaneae
997 3224 1099 3299 nullo
1126 3225 1222 3300 inter
1244 3226 1278 3301 se
1298 3228 1427 3301 ordine
1450 3243 1647 3308 connexae,
1676 3221 1716 3299 ἃ

111 3345 154 3396 en
177 3322 331 3401 lestione
353 3323 534 3419 librorum
552 3320 613 3399 seu
634 3341 859 3417 graecorum,
884 3318 944 3396 seu
961 3321 1161 3398 latinorum
1177 3337 1289 3408 ortae,
1342 3343 1409 3396 uas
1430 3323 1565 3418 partim
1582 3319 1621 3392 in
1638 3319 1716 3391 sub·

109 3418 237 3495 fidium
256 3423 465 3506 memoriae,
490 3421 626 3530 partim
646 3420 687 3499 in
706 3418 807 3495 usum
834 3418 1033 3496 liberorum
1055 3422 1249 3497 adornauit
1276 3443 1325 3496 au
1359 3442 1411 3493 or.
1472 3420 1565 3506 Quae
1587 3415 1626 3489 in
1649 3436 1716 3487 no-

112 3515 182 3592 stra
201 3519 365 3594 editione
383 3519 642 3605 continentur,
668 3515 740 3591 hoc
762 3515 830 3603 sese
853 3515 982 3592 ordine
1004 3519 1281 3614 consequuntur.
1340 3518 1465 3594 Primo
1490 3513 1654 3590 omnium
1676 3511 1716 3587 in
1869 3551 1872 3557 ·

110 3614 402 3712 nostroquidem
424 3615 626 3712 exemplari
648 3614 929 3711 quatuordecim
949 3616 1094 3712 paginis
1117 3616 1284 3712 impreffa
1308 3615 1527 3692 exhibentur
1559 3609 1716 3707 singulo·
1840 3618 1844 3623 ’

111 3734 193 3787 rum
211 3712 294 3789 libri
319 3713 496 3826 cujusque
519 3713 683 3810 capitum
703 3727 937 3808 argmnenta,
963 3735 1047 3809 quae
1070 3716 1183 3792 etiam
1206 3717 1246 3790 in
1265 3714 1390 3813 operis
1415 3724 1603 3788 contextu·
1616 3708 1715 3821 capi·

112 3812 212 3885 tibus
234 3809 380 3908 singulis
405 3812 486 3887 sunt
504 3809 675 3908 praelixa,
709 3811 876 3905 exceptis
906 3809 1021 3888 solum
1041 3813 1269 3907 argumentis
1298 3812 1408 3910 primi
1433 3809 1566 3906 capitis
1593 3828 1717 3905 cujus·
1847 3826 1853 3837 ·

117 3930 183 4004 que
205 3906 307 3996 libri,
356 3932 417 3985 uae
437 3909 534 3999 forte
555 3908 812 3984 miniatoribus
828 3907 1062 4006 adpingenda
1076 3910 1297 4006 typographi
1311 3910 1545 4004 reliquerunt.
1595 3902 1717 3982 Testa·
1813 3948 1821 3955 -
1882 3932 1886 3941 ·

113 4020 175 4079 tur
193 4004 266 4103 ipse
292 3931 436 4097 Gellius
462 4008 500 4081 in
521 4005 594 4080 line
616 4004 863 4101 praefationis,
893 4001 1067 4104 [ecapite
1087 4033 1214 4093 enum,
1254 4013 1326 4104 qnae
1345 4008 1458 4103 cuique
1485 4002 1716 4078 commentario
1931 4016 1936 4027 ·

110 4103 164 4203 (i.
179 4128 212 4180 e.
236 4099 358 4202 libro)
380 4105 415 4178 r'n
432 4116 509 4192 unt,
544 4099 744 4200 expersuiffe,
774 4112 813 4177 ut
827 4106 1031 4204 jane'state'm
1054 4101 1258 4189 declaretur,
1293 4101 1373 4200 qnid
1384 4128 1447 4201 quo
1461 4104 1495 4176 in
1510 4098 1598 4178 libro
1655 4099 1714 4185 eri,
1796 4136 1842 4148 --

110 4202 313 4298 invenirique
330 4226 377 4299 po
399 4212 436 4277 nt.
490 4202 624 4289 ‘Quare
650 4199 764 4274 etiam
785 4220 807 4273 a
830 4199 971 4277 criticis
997 4200 1216 4299 peritiiltmis
1240 4214 1455 4297 argumenta
1480 4200 1544 4276 illa
1568 4199 1630 4293 ipr
1650 4197 1717 4272 tri·
1930 4224 1936 4235 ²

109 4299 273 4379 buuntur
296 4297 455 4376 autimi.-
482 4296 552 4389 ¹De
574 4296 850 4393 quatuordecim
872 4297 976 4376 hisce
997 4299 1098 4387 foliis
1117 4297 1336 4393 singulorum
1358 4298 1440 4375 libri
1459 4296 1635 4394 cujusque
1656 4318 1717 4370 ca·
1855 4343 1865 4369 ,

109 4399 235 4571 pitum
252 4408 472 4492 argumenta
494 4392 817 4492 compleitentibus
846 4394 902 4472 Cl.
928 4396 974 4472 de
1000 4397 1100 4472 Bure
1129 4394 1365 4495 Bibliogropb.
1391 4393 1579 4496 Instrniiive
1603 4391 1718 4468 Belias

124 4506 228 4569 ettres
252 4507 359 4594 3917.
383 4492 500 4571 altum
522 4491 610 4569 filet.
632 4564 636 4571 ,
675 4490 780 4569 Idem
797 4517 905 4580 vero,
931 4494 987 4571 uti
1009 4497 1123 4571 etiam
1148 4495 1309 4571 editores
1336 4491 1424 4569 Auli
1446 4492 1557 4569 Gellii
1578 4491 1719 4586 Bipou·
1847 4582 1854 4595 ,

110 4593 185 4674 tini
210 4592 460 4685 meminerunt
479 4589 715 4709 Ptaefationie
737 4588 851 4733 pJoh.
870 4589 1024 4689 Aadtea
1043 4587 1222 4669 monensi
1236 4591 1412 4691 Episcopo
1432 4591 1482 4669 ad
1503 4586 1716 4763 Paulupp'll.
1754 4746 1757 4751 .
1896 4636 1901 4643 -
