3922 5176
788 277 1112 417 ss
1739 318 1788 408 9.

132 493 246 592 Vll.
278 476 376 610 Jolr.
405 474 642 602 CapreoIi,
680 485 788 575 Orci.
828 421 960 576 Praed.
994 468 1330 575 'commentaria
1370 485 1413 573 io
1452 461 1635 583 Librum
1675 484 1766 581 lv.
1935 499 1938 513 ·

249 607 570 812 ‚sffl‘ffnltiasum‘
616 601 824 697 Veneriis
850 630 926 718 per
951 599 1242 693 octavianum
1268 600 1452 691 Scotum
1486 626 1600 691 anno
1637 612 1764 717 1484.

250 753 294 814 ln
369 751 395 809 0
416 783 429 808 .
1766 736 1769 743 “

223 974 226 978 »
291 919 373 1019 Jam
394 914 555 993 recensui
573 914 672 991 hunc
699 892 835 991 librum
861 910 909 988 ad
930 934 1069 989 annum
1093 926 1196 1010 1483.
1220 906 1266 987 N.
1283 908 1385 992 XXI.
1411 932 1499 989 cum
1521 911 1643 989 tribus
1665 933 1761 1011 prae·
1786 865 1790 873 ¹

134 1017 350 1129 cedentibus
378 1014 545 1115 ejusdem
574 1012 732 1090 tutioris
756 1009 1019 1090 voluminibus.
1801 1038 1803 1043 ·

131 1329 271 1428 VIII.
301 1327 472 1416 Statuta
486 1250 748 1433 Synodaiia,
778 1313 823 1403 ὅτ
842 1312 1136 1405 Provinciaiia
1159 1309 1439 1404 Eulietteniis
1460 1313 1662 1406 Diocesrs
1679 1314 1764 1425 jose

248 1444 294 1534 su
318 1434 559 1530 Wiiheimi
585 1429 795 1547 Episcopi
824 1426 1017 1544 impressa
1041 1429 1238 1519 Enitaoii
1261 1455 1341 1547 per
1364 1429 1601 1522 Matthiam
1629 1424 1760 1523 Wal-

144 1690 148 1699 Ι
241 1560 344 1648 cicer
365 1557 419 1643 de
443 1550 707 1661 Reutiingen
730 1570 844 1634 auno
872 1559 996 1656 1484.
1026 1545 1077 1683 in
1109 1573 1153 1654 4.

301 1754 342 1833 in
363 1749 481 1848 prima
502 1744 611 1842 primi
633 1741 713 1818 solii
736 1740 871 1838 pagina
893 1738 1083 1817 Wilirelrni
1108 1738 1276 1838 Episcopi
1299 1741 1346 1816 ad
1369 1739 1639 1838 typographum
1672 1741 1760 1841 Epi·

136 1853 226 1935 isola
246 1851 402 1946 legitur,
429 1845 560 1938 scripta
583 1864 641 1923 an.
670 1855 773 1937 1484.
800 1839 860 1912 die
879 1863 934 1913 ao.
957 1837 1113 1925 Martis·
1138 1858 1299 1934 quacum
1322 1839 1510 1935 exemplar
1536 1839 1760 1937 manuscrip-

136 1968 217 2029 tum
240 1949 342 2047 typis
366 1953 537 2019 accurate
557 1935 928 2033 imprimendum&
951 1935 1099 2031 polihac
1117 1937 1380 2012 remittendum
1400 1935 1612 2011 transmisit.
1659 1938 1761 2015 Huic
1917 1948 1922 1955 '

47 2114 53 2122 .
136 2048 295 2148 epiliolae
316 2041 467 2140 sublesta
494 2040 575 2112 lunt
588 2034 755 2131 Episcopi
780 2034 819 2111 dc
845 2032 1005 2129 Capituli
1026 2031 1189 2129 insrgnia.
1232 2033 1273 2108 in
1294 2033 1419 2109 aversa
1439 2035 1572 2130 pagina
1592 2033 1791 2131 ejusdem¹
1948 2118 1956 2129 ,

133 2149 215 2227 solii
237 2142 345 2242 primi
369 2133 592 2237 typographi
612 2133 660 2207 ad
676 2131 893 2228 Episcopum
917 2130 1064 2227 supplex
1090 2132 1225 2227 legitur
1245 2130 1413 2226 epistola,
1437 2132 1569 2226 inqua
1592 2132 1765 2211 codicem
1919 2138 1930 2159 “

135 2248 353 2324 statutorum
380 2233 665 2332 manukriptdm
688 2230 790 2327 typis
812 2230 1098 2325 imprimendum
1126 2229 1188 2303 irbi
1212 2229 1439 2303 commodari
1463 2229 1567 2326 petit.
1610 2229 1758 2327 Scripta
1794 2254 1799 2261 ·
1886 2283 1898 2295 .

136 2344 187 2421 eit
210 2342 291 2417 haec
316 2334 464 2432 epistola
488 2328 650 2406 Eustadii
671 2349 769 2401 anno
792 2341 896 2422 1484.
922 2327 981 2399 die
1009 2348 1064 2420 15.
1084 2327 1222 2420 Martii.
1273 2324 1398 2421 Atque
1419 2350 1466 2400 ex
1482 2328 1640 2423 geminis
1654 2328 1758 2407 hisce

132 2420 719 2534 'subscriptionibus³Epislolarum
743 2423 898 2520 colligo,
924 2423 1057 2498 librum
1089 2424 1187 2529 stunc
1217 2443 1316 2499 anno
1345 2424 1475 2499 eodem
1499 2423 1663 2500 Eulladii
1688 2422 1759 2506 elie

137 2538 240 2639 typis
262 2528 482 2629 impressum.
513 2568 520 2580 ·
558 2523 662 2600 Folio
682 2521 839 2597 secundo
871 2544 950 2596 non
974 2520 1042 2596 nili
1064 2520 1293 2617 Regilirum,
1317 2521 1378 2597 seu
1402 2522 1514 2596 index
1537 2520 1756 2602 statutorum

137 2635 359 2714 continetur.
425 2624 528 2702 Folia
550 2622 637 2697 inde
661 2642 682 2693 a
702 2603 880 2695 rolloni.-
896 2621 1060 2697 numcris
1084 2619 1247 2694 romanis
1267 2628 1397 2694 notata
1420 2617 1500 2694 sunt
1525 2621 1564 2695 in
1590 2622 1758 2716 margine
1876 2632 1879 2641 '

135 2730 331 2832 superiori,
359 2725 398 2803 dr
423 2723 462 2799 in
481 2719 647 2825 infcriori
665 2714 814 2828 signata.
866 2718 1030 2794 initiales
1056 2718 1200 2792 litteras
1218 2736 1369 2813 parvas,
1394 2717 1580 2811 interdum
1602 2740 1760 2812 magnae

12 2904 24 2913 .
133 2832 331 2913 florentes,
351 2817 607 2918 typographus
629 2816 774 2909 adjecit.
819 2814 996 2890 Custodes
1025 2838 1122 2889 vero·
1143 2816 1281 2888 desunt.
1330 2812 1481 2888 Constat
1502 2815 1583 2891 haec
1605 2815 1759 2890 statuto*-

135 2948 219 3009 rum
242 2919 406 3000 cdileiiio
430 2917 530 2992 soliis
551 2913 756 3007 numeratis
772 2910 989 2989 LXXXVII.
1041 2911 1112 2986 His
1135 2913 1316 2986 accedunt
1349 2918 1388 3004 1)
1404 2911 1556 3004 insignia
1574 2911 1754 3009 Episcopi,

136 3027 176 3108 ἀ
195 3019 376 3119 Capituli,
399 3012 569 3110 singulari
593 3009 684 3084 solio
705 3007 893 3102 insculpta.
945 3013 982 3101 2)
1008 3004 1196 3083 insirusiio
1209 3009 1248 3084 δι
1270 3007 1428 3082 formula
1449 3008 1686 3082 absolutionis
1706 3010 1754 3085 aii

137 3113 541 3205 excommunicatione,
566 3105 625 3182 led
646 3104 728 3179 haec
755 3106 904 3201 quidem
927 3105 978 3178 eii
1008 3104 1092 3178 aliis
1122 3105 1224 3201 typis
1246 3103 1429 3199 impressa,
1455 3104 1694 3202 &reperitur
1714 3106 1756 3183 in

137 3222 302 3300 duobus.
330 3233 413 3309 quae
432 3208 530 3306 apud
555 3227 624 3280 nos
647 3200 811 3287 exstant,
833 3202 965 3277 horum
989 3201 1205 3276 statutorum
1229 3200 1511 3298 exemplaribus.
1560 3207 1600 3298 3)
1615 3202 1755 3280 Tabula

137 3314 365 3415 alphabetica
391 3305 648 3384 materiarum.
678 3301 823 3396 quaein
846 3299 950 3380 hisce
978 3299 1123 3378 liatutis
1143 3299 1372 3402 frequentius
1396 3312 1616 3393 occurrunt,
1652 3299 1755 3384 foliis

136 3418 217 3496 osio
237 3403 412 3512 improlis
437 3395 707 3502 comprehensa.

135 3720 212 3817 lli.
244 3711 480 3832 Speculum
518 3709 669 3800 anima
707 3704 970 3799 Peccatricis
998 3701 1264 3800 Theodisce.
1335 3703 1477 3797 Ulmae
1509 3705 1754 3825 impreliurn

252 3857 365 3920 anno
391 3841 515 3938 1484.
545 3851 624 3939 per
645 3820 1132 3964 ConradurnDinirmut
1155 3823 1202 3910 in
1226 3849 1271 3933 4.

295 4023 339 4099 ln
363 4017 485 4112 aversa
506 4019 616 4118 primi
635 4017 715 4096 solii
737 4006 871 4115 pagina
896 4002 1035 4113 incipit·
1052 3998 1112 4109 'bic
1134 4010 1289 4100 Dorico
1301 4064 1317 4114 J
1367 4038 1454 4093 uam
1474 4018 1613 4116 excipit
1638 4019 1753 4111 index

136 4121 401 4310 gapitulorucm,
418 4119 648 4292 {elmifamls
673 4116 857 4291 intaversa
887 4116 1023 4287 plagin}
1046 4112 1306 4288 f⁰¹¹ls⁸⁰ig¹dl
1388 4116 1594 4287 piiostertio
1621 4118 1753 4228 incipit

137 4247 224 4424 ut.
237 4221 715 4410 ‘spatiis-..tissi
735 4234 975 4410 issisti
992 4222 1172 4409 oiiils’
1199 4235 1370 4386 usit
1383 4237 1755 4404 .¹.²²...is}¹¹.⁰.‘its:

135 4443 241 4502 rum,
267 4413 305 4491 δι
329 4408 495 4484 custodes
518 4410 656 4488 desunt.
719 4408 816 4508 Typi
840 4407 1040 4506 germanici
1069 4409 1150 4484 lunt
1175 4405 1259 4483 satis
1286 4408 1475 4485 luculenti.
1542 4408 1582 4482 In
1610 4409 1682 4485 line
1702 4407 1756 4484 s·

137 4515 291 4624 quentia·
309 4506 563 4619 typographus
585 4509 790 4584 adnotavit.
852 4510 928 4603 hic
944 4514 1051 4586 cnoct
1075 4505 1147 4595 sd)
1171 4511 1247 4584 oco
1271 4497 1424 4600 sistird)
1448 4500 1634 4593 brimicin.
1672 4514 1756 4603 (544

137 4629 239 4699 ncnc
259 4629 324 4719 αξη
348 4599 560 4704 partilium
586 4602 740 4710 spicgcil
760 4607 825 4693 oct
848 4624 979 4690 acmen
998 4600 1180 4708 [intimo
1205 4599 1281 4702 scic.
1330 4599 1540 4707 bcgriffco
1575 4607 1648 4686 mic
1679 4604 1755 4693 siut

181 4702 348 4796 Sermrlsrr
362 4693 462 4801 Fosc.
476 4696 556 4781 111.
968 4700 1004 4781 B
1589 4702 1708 4800 eopia
