3922 5176
46 398 51 403 -
176 301 268 432 raa
828 302 1172 426 ΑΒ

13 544 72 619 jz:
169 527 251 599 tur,
275 533 388 629 quam
405 508 487 625 irunt
510 512 549 587 in
569 512 776 631 exemplari
803 513 879 629 Bu
913 513 978 589 Sic
1003 516 1040 588 in
1059 513 1217 619 exempl.
1245 510 1422 626 Aprima
1446 512 1545 588 linea
1578 508 1688 626 primi
1716 510 1816 590 iolil'

8 638 37 693 5.
174 615 290 691 averli
312 610 496 689 clauditur
521 612 718 726 vouesunr
742 611 840 707 (fic)
869 635 909 687 ιη
934 613 1159 712 exempluB
1186 613 1324 712 syllaba
1345 613 1514 712 ejusdem
1543 628 1648 687 noers
1671 610 1848 705 ulnmn„

171 713 220 787 mi
242 709 440 788 secundm
458 709 594 785 lineam
618 713 780 788 inchoat
835 711 876 786 ln
900 708 1160 809 exemplariA
1183 713 1281 788 linea
1297 711 1480 808 trigesima
1502 721 1633 806 quarta
1682 710 1818 805 agina

172 811 306 908 primae
326 807 408 889 folii
437 832 506 904 ¹30
535 808 720 888 clauditur
744 811 803 884 his
824 810 949 885 verbis
963 808 1131 908 Explicit
1152 809 1231 910 plano
1248 835 1354 911 pars:
1375 811 1414 885 in
1438 832 1547 885 exem
1573 730 1698 883 larii}
1722 807 1818 883 hist.

173 906 336 1007 Explicit
355 903 457 1006 pirna,
486 905 540 983 ita
564 920 607 982 ut
627 932 705 985 vox
731 930 835 1008 porr,
869 930 986 1005 eaque
1009 907 1082 983 sola
1111 907 1247 984 lineam
1268 920 1425 1005 occupet
1448 832 1673 1002 trigedmam
1697 904 1820 1001 quim·

172 1017 264 1083 tam.
313 1005 431 1083 Linea
458 1003 664 1102 penultima
690 1004 828 1083 averse
848 1006 971 1082 ultimi
994 1005 1075 1082 lolii
1108 1009 1254 1107 paginae
1277 1008 1316 1082 in
1338 1005 1542 1102 exemplari
1557 1003 1594 1079 A
1617 1003 1811 1081 clauditur

173 1104 235 1181 his
259 1102 404 1181 verbis:
447 1100 504 1179 cui
525 1099 631 1183 donor
654 1103 715 1182 u·
744 1103 888 1190 lorini,
925 1105 964 1180 in
985 1105 1186 1213 pxemplari
1209 1104 1353 1181 veroB
1381 1104 1516 1201 syllaba
1535 1100 1591 1177 los
1614 1101 1721 1176 vocis
1744 1099 1816 1177 aa·

176 1227 250 1279 nor.
307 1201 403 1313 Puto
422 1199 517 1313 ditia
532 1132 880 1318 haiienus'irrffioere
896 1205 942 1279 ad
957 1205 1208 1317 probandum,
1235 1205 1327 1318 duas
1349 1202 1503 1279 exiliere
1521 1197 1682 1275 diversas
1704 1196 1823 1296 eim-1

176 1303 262 1376 dem
288 1322 410 1396 opurls
429 1299 612 1378 editiones
633 1316 721 1380 nota
735 1322 840 1387 anua,
864 1301 955 1389 loci,
984 1303 1206 1399 typographi
1224 1301 1434 1386 destitutas,
1466 1321 1548 1395 quae
1571 1311 1696 1373 tamen
1721 1321 1806 1373 am,

176 1399 235 1478 bae
258 1423 307 1473 ex
333 1397 580 1500 typographia
615 1401 696 1504 Joh.
732 1399 922 1488 Mentelii,
956 1399 1056 1480 forte
1081 1424 1159 1478 non
1182 1399 1248 1477 diu
1271 1400 1389 1478 altera
1421 1397 1502 1498 post
1530 1397 1687 1474 alteram
1716 1418 1809 1495 pro·

179 1496 331 1576 dieriut

179 1743 372 1842 cxvii.
401 1742 577 1838 Postilla
599 1744 779 1838 Nicolai
812 1749 869 1838 de
896 1690 1021 1865 Lyra
1042 1718 1140 1840 cum
1165 1690 1466 1839 additionibus
1494 1692 1538 1838 8(
1564 1686 1826 1841 correuiosst'

296 1863 426 1953 uibus
450 1860 574 1953 Pauli
598 1863 840 1979 Burgenhs.
866 1865 1006 1958 Tomi
1032 1866 1117 1956 lll.
1146 1866 1190 1956 in
1215 1863 1320 1955 Fol.
1344 1891 1488 1979 magn.

349 2090 490 2168 Tomus
519 2091 547 2169 l.
584 2092 839 2191 complestitur
871 2095 1165 2174 pentateuchum
1201 2118 1287 2171 eum
1318 2093 1422 2171 libris
1456 2088 1592 2193 Joluae,
1617 2032 1827 2190 Judicum,j

182 2189 306 2277 Ruth·
335 2185 372 2269 ἃ
397 2217 423 2289 4
444 2188 611 2287 Regum}
637 2191 777 2268 Tomus
797 2194 839 2270 ll.
871 2195 1090 2281 proverbia,
1125 2192 1384 2280 Ecclesiasten,
1416 2189 1611 2266 Canticum
1633 2190 1825 2267 Canticos

46 2287 55 2305 '
183 2311 285 2374 rum,
314 2286 562 2385 Sapientiam,
592 2289 893 2367 Ecclesiasticunr
945 2294 1091 2392 Insuper
1103 2316 1192 2369 vero
1209 2292 1413 2389 Prophetas
1429 2288 1574 2375 isaiam,
1599 2288 1816 2387 jeremiam

12 2516 24 2523 ·
185 2485 531 2562 2Machabaeorurn
553 2486 698 2562 libros
752 2484 931 2565 Attamen
960 2489 999 2564 hi
1025 2489 1176 2587 quidem
1196 2488 1324 2563 libria

183 2385 296 2486 (cum
321 2386 496 2474 llrrenis,
528 2387 567 2464 8(
587 2387 765 2489 Baruch)
800 2391 1055 2478 Ezechielem,
1092 2391 1304 2476 Danielem,
1332 2388 1527 2464 duodecim
1548 2385 1734 2472 minores,
1769 2386 1828 2471 dt?

1372 2484 1641 2562 raecedentibus
1666 2483 1701 2559 se
1726 2474 1830 2562 atui-¹·

184 2584 238 2670 ri,
264 2582 469 2662 &seorsim
495 2583 621 2659 haberi
642 2584 797 2680 pofl‘unt.
852 2586 992 2661 Turnus
1007 2587 1068 2662 111.
1091 2598 1215 2661 totum
1239 2509 1493 2681 compieititur
1514 2581 1664 2658 Novum
1688 2506 1837 2661 lpeilv·

80 2704 83 2708 ’
183 2692 364 2760 mentum·
415 2681 575 2758 Nonust
599 2683 712 2776 igitur
736 2685 923 2780 integrum
948 2685 1046 2785 apud
1068 2706 1139 2760 nos
1165 2680 1277 2855 huss'us
1303 2683 1479 2758 editionis
1505 2679 1718 2779 exemplar,
1750 2690 1830 2787 utqf

185 2794 276 2959 {ote
299 2780 339 2853 in
358 2801 431 2975 Ἱηο
455 2777 582 2855 desunt
599 2779 682 2855 libri
696 2780 770 2856 duo
786 2781 1137 2879 Paralippomenun,
1164 2806 1186 2858 2
1223 2781 1291 2856 ibri
1318 2780 1461 2866 Esdrae,
1488 2779 1643 2861 Tobias,
1667 2777 1828 2877 Juditlli'·

223 2876 334 2961 sther,
385 2878 452 2960 o'o,
480 2876 518 2953 8(
548 2876 678 2952 Psalmi
699 2902 774 2953 uno
803 2879 923 2954 forsan
956 2880 1146 2956 volumine
1179 2875 1440 2977 comprehensi.
1490 2878 1532 2953 Id
1556 2866 1818 2976 maximopere

185 2976 385 3053 dolendum
407 2974 475 3060 eli,
489 2998 588 3061 ‚curn
610 2977 725 3051 editio
746 2977 828 3051 haec
844 2975 886 3052 sit
901 2976 1163 3074 antiquillrma,
1190 2976 1289 3054 forte
1311 2979 1476 3053 omnium
1501 2975 1638 3072 prima,
1664 2975 1706 3052 8(
1725 2986 1823 3074 pro--

187 3070 398 3150 habilissime
425 3072 543 3172 ajoh.
563 3073 755 3151 Mentellio
781 3089 868 3151 ante
894 3098 1032 3152 annum
1068 3102 1156 3176 1471
1194 3074 1337 3152 excusa.
1399 3076 1553 3150 Litteris
1577 3074 1714 3171 quippe
1741 3075 1831 3162 ina-v

187 3170 302 3271 prelia
335 3169 385 3246 est
417 3173 588 3257 rudibus,
619 3171 787 3269 sculptis,
817 3196 891 3247 non
911 3170 1016 3261 fusis,
1044 3172 1083 3251 8(
1111 3197 1242 3272 parum
1266 3173 1353 3249 scite
1375 3174 1413 3248 in
1437 3194 1550 3248 voces
1582 3171 1820 3267 compositis,

188 3293 344 3367 quarum
371 3269 556 3366 pleraeque
570 3271 772 3345 maximam
786 3269 924 3348 habent
936 3271 1231 3358 similitudinem,
1256 3274 1345 3368 quin
1366 3272 1507 3348 eaedem
1531 3269 1706 3346 videntur
1724 3294 1814 3352 cum

188 3368 325 3444 litteris
352 3367 527 3466 johannis
552 3368 756 3453 Mentellii,
784 3390 876 3463 quas
897 3371 964 3445 aeri
987 3369 1118 3444 incisas
1146 3369 1315 3445 exhibuit
1341 3369 1376 3446 b.
1420 3368 1753 3462 Steigenbergeius
1775 3375 1831 3449 Μ’·

190 3466 380 3557 luerurildpr
396 3467 554 3557 reinildam
577 3465 800 3563 hbhnntlunq
819 3465 895 3540 iiber
911 3473 960 3542 ute
975 3486 1042 3565 qno
1056 3467 1240 3561 suriunt«
1261 3468 1419 3566 petendae
1442 3467 1578 3561 beutldpe
1594 3465 1724 3546 minin
1737 3467 1813 3545 &ut

190 3564 278 3640 Tab.
297 3563 323 3637 l.
352 3586 388 3637 η.
403 3588 436 3638 2.
451 3562 489 3639 8(
503 3588 536 3657 3.
591 3562 895 3658 interpunitionis
911 3562 1050 3660 signum
1065 3565 1207 3640 nullum
1221 3563 1402 3654 occurrit,
1426 3562 1490 3641 nih
1506 3563 1688 3663 punitum.
1736 3564 1826 3641 De·'

192 3661 275 3741 sunt
297 3659 459 3737 initiales
477 3660 632 3745 litterae,
660 3660 847 3746 custodes,
880 3659 1093 3757 signaturae,
1116 3663 1335 3758 paginarum
1360 3665 1525 3748 numeri,
1551 3663 1588 3740 8(
1608 3660 1812 3759 inscriptio·

192 3782 271 3835 nes.
321 3758 364 3833 ln
387 3757 459 3832 line
483 3757 580 3831 nulla
604 3757 739 3852 legitur
760 3757 852 3844 loci,
884 3760 993 3844 anni,
1017 3761 1238 3856 tvpographi
1264 3762 1408 3837 notitia.
1460 3762 1599 3836 Charta
1620 3759 1668 3837 eli
1684 3758 1816 3841 firmis·

194 3855 300 3943 sima,
327 3856 432 3953 mirae
456 3867 581 3932 tamen
604 3856 805 3938 albedinis,
840 3855 992 3930 diversis
1017 3874 1145 3933 notata
1163 3857 1338 3934 chartarii
1368 3858 1496 3955 fignls,
1524 3861 1620 3934 inter
1649 3880 1732 3957 quae
1754 3871 1817 3937 ta·

192 3979 279 4032 rnen
304 3953 533 4049 frequentius
558 3952 719 4029 occurrit
741 3953 846 4027 Rol'a.
896 3953 1061 4052 Singulae
1081 3959 1228 4053 paginae
1248 3959 1286 4032 in
1306 3958 1398 4031 duas
1418 3958 1609 4032 columnas
1638 3956 1819 4040 diffinitae

192 4054 286 4136 sunt,
327 4051 518 4141 ,Columna
543 4050 709 4147 quaevis,
732 4065 914 4148 quotquot
930 4056 1142 4141 numeravi,
1165 4055 1282 4130 lineas
1300 4055 1554 4152 complestitur
1574 4061 1633 4131 or.
1687 4052 1820 4157 Atque

192 4151 275 4231 haec
292 4149 439 4243 quidem
455 4147 573 4226 tribus
596 4147 844 4223 voluminibus
868 4149 947 4226 sunt
962 4156 1183 4229 communia.
1237 4154 1384 4229 Notabo
1399 4179 1496 4229 nunc
1513 4156 1703 4250 quaedam,
1728 4171 1819 4254 'quaa

194 4245 345 4338 singulis
366 4245 447 4323 sunt
470 4245 636 4342 propria,
664 4258 707 4320 ut
728 4246 810 4341 quis
843 4250 972 4338 unius,
996 4251 1198 4328 alteriusve
1219 4253 1419 4327 voluminis
1443 4256 1587 4348 copiam
1608 4254 1737 4328 nattus
1761 4252 1821 4353 ju*

194 4343 320 4417 dicare
365 4340 463 4428 offit,
491 4344 716 4428 eruderare,
741 4367 787 4417 an
804 4346 956 4420 anostra
975 4349 1156 4423 diversam
1171 4349 1304 4425 habeat
1320 4352 1532 4427 editionem.
1591 4347 1693 4425 Tamo
1707 4355 1820 4447 primo

196 4438 327 4528 praemi
353 4460 398 4513 us
422 4437 474 4515 est
499 4439 638 4535 duplex
661 4440 856 4536 prologus,
886 4443 925 4520 8(
946 4447 1095 4539 quidem
1116 4447 1155 4521 in
1202 4447 1293 4522 rima
1322 4447 1493 4524 columna
1520 4448 1650 4546 primae
1669 4444 1828 4546 paginas

195 4528 300 4644 Idolo
324 4555 365 4634 tq
377 4533 679 4650 plmQVenerubil’
692 4538 821 4633 fratris
849 4539 990 4615 Nicolai
1013 4542 1056 4616 de
1081 4544 1151 4618 liro
1174 4466 1218 4619 dn
1242 4550 1406 4647 &flumini
1429 4552 1503 4622 oet⁹
1524 4546 1579 4620 De
1603 4546 1832 4625 recem.

194 4557 389 4733 ‘WJW
405 4627 576 4736 scriplum
593 4636 634 4715 m
656 4638 810 4738 generali
832 4637 981 4738 incipit,
1005 4643 1421 4747 idemqueterminutur
1447 4646 1488 4723 in
1513 4644 1651 4723 averita
1670 4647 1838 4746 pagine:

971 4792 984 4814 r·
1034 4800 1041 4809 .
1166 4782 1168 4786 ·
1704 4769 1770 4822 co·
