3892 5182
102 526 140 601 dc
162 523 300 626 mislerio
320 523 367 598 mi
392 522 488 600 elai
508 521 663 616 Albuti,
689 531 771 629 mog
797 528 991 605 autioritalc
1007 525 1172 605 radians!
1196 524 1241 603 In
1261 531 1454 627 qno-,uirbii
1474 532 1624 607 traditor
1651 549 1711 608 aar

99 623 249 709 docetur,
276 648 339 719 prro
392 650 458 698 non
471 624 670 727 scriptrira4
693 627 808 725 dignis
841 629 1030 728 icjiimoniis
1059 624 1281 723 comprobeF!
1324 627 1369 702 In
1405 630 1502 725 opido
1541 631 1709 728 imperiali

103 725 205 799 Vim!
213 751 275 822 per
289 722 486 828 Joiranncm
507 752 640 825 exequar
661 729 701 803 dc
721 730 921 830 Reitiingrn
939 729 1039 828 srima
1067 756 1140 802 cum
1162 728 1339 826 diligentia
1360 733 1554 830 impreffam.
1603 735 1708 810 Anao

97 846 119 895 a
144 823 336 897 Nativitate
366 822 456 897 dorici
475 824 541 905 M0.
570 855 641 901 cccc
663 827 803 923 Lxxiij.
827 828 880 902 dic
901 832 1005 900 xxix.
1031 829 1145 924 mensts
1167 827 1264 921 Maij
1278 826 1407 921 solicd‘
1426 816 1521 925 finit.
1574 834 1708 930 joban-

97 944 179 994 nem
200 919 297 994 hunc
318 921 513 997 Zeinorum
534 924 738 1001 Ulmenl'em
754 927 1027 1023 typographum
1041 925 1198 1020 quodam
1222 927 1453 1017 cognationis
1473 930 1590 1022 gradu
1606 931 1708 1003 Gun-

96 1018 241 1092 thorum
268 1017 483 1106 Zeinerum,
509 1022 689 1098 celebrem
714 1024 754 1098 in
776 1024 866 1098 urbe
890 1019 1053 1115 Augusta
1072 1022 1253 1097 vindelica
1279 1025 1552 1119 typographum
1570 1026 1708 1120 attigas·

95 1112 146 1198 se,
174 1132 254 1189 tum
278 1118 425 1210 pa'triae,
462 1133 541 1192 tum
563 1121 742 1205 nominis,
780 1136 860 1194 turn
884 1120 1059 1217 temporis
1081 1118 1190 1214 lplius
1216 1120 1312 1194 ratio
1334 1119 1536 1215 persuadet.
1608 1124 1707 1210 Quo·

96 1236 178 1285 nam
204 1212 323 1287 vero?
351 1215 389 1286 id
415 1216 556 1309 prorsus
578 1217 761 1291 incertum
785 1217 846 1292 est.

91 1441 148 1538 V.
182 1444 434 1532 Guillielrui
452 1445 649 1535 Durandi
674 1445 892 1562 speculum
913 1446 1135 1559 judiciale.
1170 1453 1600 1564 Argentorati1473.
1629 1408 1707 1564 per

200 1558 440 1671 Georgium
460 1561 629 1651 Hulirer
645 1566 690 1651 δε
706 1564 951 1677 johannem
975 1564 1254 1653 Beckenhub.
1287 1565 1338 1655 ln
1361 1564 1442 1654 fol.
1461 1589 1574 1654 max.

185 1769 416 1844 Rariffimam
441 1770 510 1846 eise
534 1786 680 1868 oportet
701 1773 795 1847 hanc
818 1770 1037 1857 editionem,
1066 1772 1104 1850 dc
1126 1772 1417 1872 Bibliographis,
1443 1773 1628 1872 plerisque
1642 1771 1707 1849 sal·

98 1869 176 1952 tim,
204 1867 348 1964 prorsus
375 1870 617 1963 incognitam.
698 1871 795 1944 Nam
817 1869 889 1966 ipse
912 1868 1169 1944 eruditiffimus
1197 1870 1429 1968 Schopilinus
1460 1870 1598 1945 nullam
1626 1870 1707 1969 ejus

104 1966 264 2038 notitiam
288 1964 446 2038 habuill'e
470 1967 626 2040 videtur.
680 1969 790 2042 Certe
812 1968 850 2041 in
879 1963 1033 2040 uindiciis
1056 1966 1320 2065 typographicis,
1345 1970 1407 2043 ubi
1435 1992 1513 2066 cap.
1530 1968 1575 2043 X.
1591 1962 1628 2067 §.
1651 1995 1705 2047 11.

107 2062 212 2157 Opera
229 2064 275 2137 ab
298 2061 463 2136 Huinero
483 2065 582 2159 typis
607 2063 736 2139 excusa
759 2062 939 2149 recenset,
967 2064 1106 2138 nnllam
1131 2063 1318 2161 praesentis
1345 2068 1466 2161 operis
1488 2067 1578 2140 iacit
1603 2088 1707 2159 men·

113 2160 249 2234 tionem:
275 2159 530 2235 Beckenhubii
550 2177 692 2248 autem,
721 2162 784 2258 qui
798 2182 956 2251 unacum
978 2162 1144 2253 Hul'nero
1163 2160 1329 2258 ejusdem
1350 2164 1551 2237 editionem
1574 2168 1705 2259 procuss

120 2256 216 2341 ravit,
235 2269 281 2333 ne
304 2281 442 2351 nomen
465 2259 613 2353 quidem
636 2273 802 2333 noverat.
854 2257 965 2333 Nulla
990 2260 1098 2356 enim,
1112 2259 1211 2335 illius
1232 2260 1328 2334 inter
1352 2259 1604 2355 typographus
1632 2256 1704 2345 Aa

130 2354 321 2443 genunenies
349 2356 490 2431 mentio
512 2354 554 2427 iit
577 2353 954 2451 apud⁵Schbpllinum
995 2352 1284 2451 Descriptionem
1306 2355 1419 2449 Igitur
1441 2353 1550 2449 hujus
1571 2348 1704 2428 editici

123 2447 171 2520 n’s
182 2452 278 2545 paulo
303 2452 512 2526 uberiorem
535 2451 639 2525 dabo.
702 2452 742 2526 In
760 2452 882 2525 fronte
903 2452 1032 2546 primae
1054 2453 1198 2547 paginae
1217 2451 1347 2546 primae
1366 2451 1497 2525 itidem
1521 2450 1705 2543 columnae
1788 2484 1791 2489 ·

115 2542 183 2619 lucc
199 2549 369 2644 leguntur
387 2551 516 2632 verba,
543 2548 749 2637 maiusculis
764 2548 899 2623 litteris
924 2549 1107 2644 imprelia:
1136 2546 1331 2622 innomine
1354 2546 1491 2622 domini.
1514 2548 1555 2624 ii
1602 2549 1705 2641 latiae

104 2640 301 2742 seuirginis·
314 2646 533 2757 matriacjus.
562 2633 732 2744 specuium
749 2643 921 2744 judiciale.
959 2669 980 2719 a
1002 2649 1156 2745 magistro
1198 2640 1385 2721 Guillermo
1417 2643 1519 2819 (ficii
1590 2647 1706 2719 aranti

109 2738 219 2815 adarna
244 2745 360 2839 incipit
378 2739 535 2841 filaciter.
602 2744 695 2818 Haec
720 2744 833 2821 verba
855 2744 1069 2819 immediate
1096 2742 1235 2839 excipit
1255 2741 1412 2819 notioris
1431 2744 1488 2840 epi
1518 2738 1578 2817 'dia
1602 2740 1705 2818 d'edi·

108 2842 234 2913 catoria
255 2842 303 2913 ad
326 2838 552 2914 Ottobonum
577 2841 784 2915 Diaconum
804 2840 1037 2915 Cardinalem
1062 2840 1099 2914 S.
1116 2838 1290 2928 Adriani,
1318 2864 1399 2936 quae
1416 2842 1634 2915 terminatur
1648 2841 1705 2915 fo·

102 2934 140 3008 lii
164 2939 261 3011 tertii
283 2937 416 3032 pagina
432 2938 566 3032 prima,
599 2937 769 3015 columna
793 2939 929 3034 prima,
968 2937 1065 3011 linea
1092 2935 1202 3012 senta.
1281 2938 1446 3013 Divisum
1472 2936 1522 3014 est
1545 2958 1637 3034 opus
1665 2939 1705 3011 In

99 3050 252 3128 quatuor
270 3049 413 3128 partes,
440 3032 500 3108 seu
518 3033 641 3109 libros.
693 3035 794 3110 Libri
811 3032 939 3131 singuli
957 3036 994 3109 in
1018 3034 1237 3128 particulaS,
1288 3035 1453 3110 articulae
1478 3035 1518 3108 in
1544 3035 1706 3131 capitula

94 3132 337 3221 dividuntur..
371 3131 516 3205 Horum
538 3144 756 3233 argumenta
778 3129 837 3202 vel
859 3131 957 3241 tituli
978 3132 1102 3225 potius
1123 3130 1225 3204 libris
1247 3057 1394 3226 liirgulis
1420 3128 1501 3207 sunt
1525 3129 1703 3228 praemiii.

94 3226 240 3305 Desunt
262 3226 406 3322 quidem
424 3227 610 3313 custodeS,
650 3225 861 3322 fignaturae,
888 3226 1023 3301 litterae
1042 3225 1221 3311 initiales,
1259 3242 1298 3299 at
1320 3229 1537 3321 paginarum
1559 3228 1705 3303 numeri

96 3344 251 3400 romano
276 3324 480 3399 charaiiere
501 3322 653 3419 impreffi
677 3323 876 3416 sunt;,ita,
915 3328 957 3398 ut
981 3323 1019 3397 in
1044 3322 1210 3417 margine
1233 3320 1405 3416 superiori
1453 3325 1558 3396 rimae
1581 3322 1705 3417 cujus·

98 3424 156 3496 vis
172 3422 249 3495 solii
268 3421 414 3518 paginae
435 3421 472 3497 dc
495 3422 823 3513 libriindice'ntur,
851 3420 889 3496 dc
909 3420 1039 3495 solium
1061 3421 1131 3493 hoc
1156 3414 1265 3493 innodo
1291 3443 1321 3492 e.
1339 3440 1373 3512 g.
1397 3344 1456 3492 Li.
1482 3416 1497 3492 Ι
1527 3413 1578 3517 (i.
1596 3443 1627 3493 e.
1643 3416 1706 3491 Li·

101 3519 162 3594 ber
181 3516 351 3616 prunus)
375 3517 447 3592 FO.
466 3517 599 3602 LXV,
625 3520 650 3592 i.
670 3543 701 3593 e.
723 3518 853 3591 folium
873 3515 1130 3611 sexagesimum
1158 3515 1336 3610 quintum.
1387 3514 1484 3589 Sunt
1506 3527 1630 3590 autem
1649 3515 1707 3589 fo·

98 3616 148 3691 lin
170 3619 209 3690 in
232 3615 380 3689 linealis
410 3614 512 3689 libris
536 3613 676 3689 ieorfim
700 3614 907 3690 numerata!
936 3615 1008 3698 ita,
1033 3628 1075 3688 ut
1096 3614 1236 3711 primus
1262 3612 1353 3687 liber
1371 3634 1536 3694 unacum
1560 3611 1708 3687 dedica·

100 3715 195 3787 toria
220 3673 368 3809 epiiola
389 3713 488 3787 soliis
512 3714 713 3788 numeratis
736 3706 873 3788 constet
894 3710 1078 3786 CXXXII.
1110 3709 1301 3805 Secundus
1317 3708 1587 3785 CLXXXVIII.
1617 3710 1708 3821 Ter?

100 3812 174 3884 ‘tius
205 3826 349 3884 tantum
372 3810 471 3884 XIX.
501 3812 664 3897 Quartus
685 3807 882 3885 CXLVIII.
933 3808 1223 3909 Constatjigitur
1238 3830 1330 3903 opus
1351 3808 1538 3902 integrum
1559 3806 1708 3907 univer·

103 3906 278 3981 limfoliis
301 3905 573 4007 imprellis'fipssp.
623 3904 939 4000 Litterae-sculptae
951 3904 1116 4001 quidem,
1142 3903 1409 3981 sed'admodum
1424 3902 1612 4003 elegantes
1628 3903 1709 3983 sunt

101 4006 268 4080 rotundae
280 4006 399 4102 magis
416 4010 525 4098 quarn
535 4003 728 4099 oblongae,
753 4003 791 4080 dc
805 4000 890 4076 satis
907 4002 1073 4099 pinques.
1124 4002 1262 4077 Charta
1276 4001 1383 4087 alba,¹
1400 4002 1555 4089 munda,
1575 3996 1707 4095 &per-

100 4105 246 4197 gameni
258 4101 368 4176 ialiar
384 4101 486 4175 firma
507 4098 568 4183 est.
619 4100 804 4175 Chartarii
816 4096 956 4193 signum
969 4100 1134 4174 omnium
1147 4095 1428 4193 frequentilirme
1442 4107 1637 4173 occurrens
1657 4094 1708 4169 est

99 4201 223 4276 littera
237 4199 287 4285 D,
305 4222 414 4295 quam
431 4197 530 4292 stilus
545 4198 639 4274 secat
655 4221 701 4272 ex
716 4219 789 4271 una
804 4212 906 4294 parte
923 4196 961 4269 in
975 4208 1120 4281 crucem
1134 4194 1309 4269 desinens.
1350 4195 1557 4269 Occurrunt
1568 4207 1707 4283 tamen,

100 4296 188 4373 iicet
206 4292 398 4387 rarillnne,
414 4292 657 4393 ubiquaque
674 4288 799 4389 signa,
812 4282 1097 4389 temperatas,
1124 4293 1163 4369 dc
1178 4290 1287 4385 caput
1300 4292 1497 4380 Bovinum.
1533 4282 1608 4385 ,ad
1625 4288 1709 4381 libri

104 4386 389 4492 calcemduarti,
408 4392 557 4493 sequens
576 4394 712 4491 legitur
735 4391 901 4505 ”Diti-ii*
913 4386 1094 4477 Prclocidri
1106 4388 1166 4485 'icoc
1180 4413 1261 4485 opos
1274 4384 1601 4485 speculijndicialir.
1619 4382 1710 4481 jicrr'c

106 4488 257 4596 interiiii
284 4482 550 4597 optimi.¹'“lilgr'i
576 4490 765 4570 Gnilirrmi·
780 4492 944 4568 Daidn'ti.
984 4476 1176 4595 nri-colonio
1209 4505 1245 4566 ot
1271 4491 1375 4589 prisci
1400 4483 1496 4590 ᾆιίι3.
1532 4488 1589 4566 n'ec
1607 4515 1711 4595 penne

108 4605 297 4707 traciaque
322 4604 546 4705 ipisrainur.
601 4599 641 4677 V
636 4626 726 4677 eram
755 4597 935 4701 exsculpta
962 4624 1015 4675 erc
1042 4594 1113 4675 sris.
1150 4595 1229 4673 dina
1266 4595 1360 4698 (pro
1380 4592 1534 4693 divino)
1556 4588 1712 4694 suggesta

1552 4688 1667 4788 syntro-
1753 4728 1832 4884 Ι
