3922 5176
76 726 78 730 »
174 679 276 752 Cons.
302 677 470 752 Clement
526 674 706 749 ibliothec.
729 673 893 749 Curieuse
914 673 1017 748 Tom.
1051 673 1076 746 Ι.

827 264 1150 399 ss
1721 306 1799 387 att

170 503 311 559 aarum.
378 478 587 556 Editionem
608 477 703 554 hanc
725 475 809 553 duae
833 477 913 554 aliae
938 476 1126 552 subsecutae
1148 473 1242 561 sunt.
1268 488 1416 576 utraque
1437 489 1584 567 veneta,
1601 480 1700 580 >prior
1724 481 1804 580 qui·
1829 435 1833 443 ό

171 582 258 656 dem
290 603 385 652 anno
418 603 484 676 rao
520 631 530 661 ‚
571 578 629 652 suo
660 577 740 651 loco
775 603 796 651 a
827 600 888 650 me
923 572 1154 657 recensenda,
1191 575 1302 652 altera
1336 601 1422 653 vero
1452 604 1546 654 anno
1572 604 1674 674 1502.
1698 576 1801 662 satta.

1124 694 1182 782 ag.
1199 770 1207 784 ο
1223 697 1306 769 33²·
1332 673 1370 750 ὅ(
1390 677 1500 750 Deuis
1523 675 1653 759 wirnt
1676 675 1801 771 ffibdlo

171 769 480 869 baadttptsdtimtc
517 796 597 884 pag.
621 795 679 868 79.
711 769 749 847 dt
776 786 838 882 ⁴80.
918 770 974 845 De
998 769 1071 843 vita
1095 694 1279 879 descriptis
1297 771 1468 882 Johannis
1482 772 1612 870 Angeli
1628 769 1801 873 (Engel)

168 894 293 1052 {sures
316 883 549 946 commentati
569 874 665 950 iamt.-
689 892 850 945 omnrum
865 888 950 941 vero
963 863 1220 942 adcuratrlhme
1245 867 1298 941 Cl.
1323 870 1478 947 lllrchael
1495 872 1603 946 Derris
1616 875 1652 946 in
1666 870 1800 955 Vssltnss

220 963 587 1063 acbbtatfttatsmlmtt
614 990 694 1062 pag.
722 982 779 1051 80.
831 965 924 1038 Cum
948 987 1032 1039 vero
1048 962 1197 1074 &launo
1219 964 1319 1061 plura
1341 967 1531 1053 nescivisse,
1555 969 1612 1043 vel
1634 958 1800 1057 omisisse.

171 1088 254 1162 quae
271 1067 328 1140 vel
344 1067 390 1141 ad
406 1065 679 1161 Biographiarn‚
706 1064 765 1138 vel
788 1061 835 1137 ad
853 1061 1161 1156 Bibliographram
1177 1065 1422 1158 compatriotae
1438 1064 1541 1143 nostri
1556 1063 1802 1143 illustrandam·

169 1165 344 1238 momenti
367 1164 499 1260 aliquid
516 1164 645 1237 habere
663 1162 751 1235 mihi
769 1159 837 1234 visa
854 1158 950 1242 sunt,
979 1181 1112 1254 paucos
1131 1171 1215 1232 ante
1230 1161 1368 1233 mensos
1385 1160 1594 1258 singularem
1611 1163 1656 1236 de
1673 1164 1748 1240 vita
1760 1162 1799 1242 δι

170 1262 306 1357 scriptis
322 1261 495 1358 lobannis
512 1256 644 1353 Angeli
665 1256 1006 1333 commentationem
1030 1257 1256 1332 elucubratus
1280 1258 1371 1340 sum.
1402 1275 1598 1357 opportuna
1612 1260 1798 1337 occasione

169 1373 335 1456 typorum
363 1358 532 1434 benesrcio
559 1357 737 1432 edendam
766 1357 803 1429 in
832 1355 961 1428 lucem.
1013 1352 1117 1427 Nunc
1144 1377 1258 1450 pauca
1281 1368 1422 1433 tantum
1437 1358 1627 1435 adnotabo.
1678 1359 1809 1445 Locus

173 1460 205 1531 ei
227 1456 353 1531 natalis
375 1456 438 1530 suit
459 1453 642 1538 Aichach,
674 1454 855 1551 superioris
891 1451 1057 1526 Bavariae
1092 1451 1220 1526 civitas
1256 1477 1329 1527 non
1353 1454 1537 1549 ignobilis.
1566 1455 1798 1552 lngollladio.
1934 1535 1938 1540 ,

174 1553 363 1629 meridiem
389 1551 524 1637 versuS,
551 1553 704 1648 quinque
730 1549 941 1625 milliaribus
970 1547 1109 1623 distans.
1161 1550 1241 1635 Quo
1260 1574 1354 1624 acino
1377 1564 1482 1627 natus
1498 1553 1618 1637 suerit.
1642 1553 1799 1641 necdum
1840 1631 1842 1634 ,

176 1650 363 1746 explorare
385 1649 496 1745 potui.
573 1647 684 1723 Anno
711 1671 821 1745 1472,
856 1647 917 1741 qui
945 1642 1155 1721 Academiae
1184 1646 1444 1741 lngolstadiensr
1473 1651 1602 1725 natalis
1625 1651 1709 1736 suit,
1740 1651 1798 1731 die
1848 1702 1850 1708 -

135 1800 136 1803 ,
174 1747 303 1837 mensis
327 1743 477 1841 Augusti
502 1745 670 1842 vigesima
692 1771 786 1822 nona
806 1741 1004 1845 ffolronaem
1028 1741 1143 1838 Engas
1160 1743 1200 1816 de
1223 1742 1376 1818 Aichoclr
1397 1747 1490 1822 inter
1511 1748 1611 1822 inseri
1637 1761 1694 1823 tos
1719 1772 1799 1826 ma·

173 1846 300 1918 tricula
325 1843 566 1920 Univerfitatis
591 1842 814 1938 autographa
836 1840 990 1916 exhibet.
1070 1839 1234 1915 Eundem
1246 1839 1311 1932 snb
1334 1842 1510 1918 Deconatn
1527 1845 1585 1919 Do
1615 1847 1683 1919 oris
1707 1843 1798 1925 Coa·

172 1942 253 2018 radi
279 1939 450 2039 *Weigund
471 1965 515 2013 ex
538 1937 715 2037 Herbipoli
736 1939 781 2011 od
796 1939 999 2032 fucultatem
1021 1937 1178 2013 nordicam
1197 1953 1379 2034 receptum
1398 1940 1513 2026 fiisse,
1541 1941 1618 2019 assa
1632 1942 1797 2038 ejusdem

172 2040 354 2115 facultatis
377 2038 583 2112 authentica
605 2039 651 2113 ad
675 2059 808 2111 annum
839 2058 942 2132 1479.
967 2058 1034 2108 nos
1059 2037 1199 2113 docent.
1264 2037 1314 2110 Et
1335 2039 1370 2112 in
1394 2039 1450 2112 his
1472 2041 1617 2135 quidem
1637 2040 1808 2136 Magistri·

176 2139 321 2211 nomine
353 2135 529 2208 salutatur.
609 2131 731 2230 Atque
759 2135 839 2208 haec
866 2148 1008 2207 tantum
1030 2131 1125 2216 sunt,
1152 2155 1233 2228 quae
1256 2136 1302 2207 de
1328 2135 1444 2213 nostro
1466 2138 1620 2234 reperire
1643 2140 1797 2235 potuim

177 2232 275 2307 Achs
298 2233 495 2305 academiae
517 2232 643 2307 nostrae
666 2231 914 2327 manuscriptis
938 2230 1170 2313 authenticis,
1198 2253 1278 2325 quae
1305 2233 1491 2328 diligenter
1517 2235 1649 2318 evolvi,
1674 2236 1711 2308 in
1726 2236 1797 2333 pri·

176 2333 248 2405 mis
273 2351 353 2423 quae
372 2331 417 2402 ad
441 2328 618 2404 historiam
636 2329 788 2426 spoliant
809 2328 988 2403 facultatis
1009 2327 1269 2423 philosophicae.
1348 2331 1387 2402 ln
1411 2332 1577 2426 impressas
1600 2333 1796 2413 academiae

178 2426 308 2501 nostrae
331 2425 518 2501 annalibus
548 2449 595 2500 ne
619 2449 753 2502 nomen
772 2425 917 2520 quidem
942 2425 1095 2499 occurrit
1114 2424 1287 2522 Johannis
1310 2421 1453 2523 Angeli.
1530 2429 1627 2503 Hinc
1651 2429 1797 2515 minime

174 2524 306 2603 adduci
328 2522 479 2618 possum,
511 2537 553 2598 ut
572 2524 735 2607 credam.
761 2523 961 2622 johannem
990 2519 1171 2616 Angelum
1198 2523 1233 2594 in
1260 2520 1460 2602 Academia
1490 2525 1606 2601 nostra
1635 2526 1797 2604 ordinarii

177 2620 375 2694 Professoris
401 2622 549 2696 munere
580 2644 740 2718 unquam
772 2620 931 2695 fundum
958 2619 1042 2703 esse.
1070 2619 1155 2692 licet
1177 2616 1342 2696 Andreas
1373 2622 1567 2704 subortus,
1596 2621 1729 2719 Boius,
1759 2621 1798 2697 δι

177 2715 416 2792 Astronomiae
436 2720 473 2790 in
499 2716 673 2794 Academ.
702 2717 873 2794 Viennen.
900 2717 992 2791 Pros.
1012 2718 1048 2790 in
1071 2714 1214 2810 Praefot.
1241 2719 1288 2795 ad
1308 2721 1445 2796 tabulas
1458 2717 1668 2817 Ecclipsrum
1685 2721 1798 2794 Geor·

177 2816 224 2908 gii
250 2815 482 2906 Peuerbachii
507 2815 656 2892 Viennae
680 2839 737 2889 an.
765 2842 779 2889 r
788 2839 869 2907 514.
897 2815 1016 2891 editos
1037 2814 1192 2888 eundem
1214 2814 1260 2888 iis
1281 2818 1510 2902 adnumeret.
1541 2819 1600 2914 qui
1615 2816 1797 2914 inEogel·

168 2911 279 3011 stadio
304 2911 581 2984 asaraemaaicnn
602 2913 731 3012 proseffl
748 2911 840 3008 sans.
890 2912 962 2985 His
981 2913 1076 2986 enim
1101 2913 1217 2986 verbis
1237 2914 1321 2987 nihil
1346 2914 1441 2988 aliud
1457 2913 1618 2990 insinuari
1640 2913 1797 2995 videtur.

178 3033 285 3105 quam
309 3006 494 3102 Angelum
519 3009 673 3083 nostrum
694 3013 731 3082 in
756 3008 987 3082 Universrtate
1012 3007 1277 3102 lngolstadiensr
1301 3012 1516 3106 aliquamdiu
1537 3024 1798 3086 commoratum

176 3106 292 3192 suffe,
319 3106 507 3181 scribendis
531 3107 569 3180 in
593 3106 721 3181 eadem
746 3106 841 3180 libris
867 3128 1013 3200 operam
1043 3104 1188 3189 dedisse,
1215 3107 1252 3180 ὃ(
1273 3110 1427 3203 privatas
1451 3111 1542 3183 sorte
1567 3111 1603 3181 in
1626 3105 1798 3184 Astrono·

177 3206 267 3288 mia.
301 3204 446 3298 aliisque
476 3204 740 3280 mathematicis
777 3203 857 3276 disci
882 3204 959 3276 linis
996 3202 1162 3277 lectiones
1199 3203 1362 3279 habuisse.
1424 3205 1673 3282 Calendarium
1704 3217 1800 3283 certe

174 3302 456 3383 Gemranicum‚
482 3299 582 3396 cuius
599 3302 763 3376 meminit
780 3301 834 3375 Cl.
855 3228 988 3376 lanzer
1006 3302 1042 3379 in
1064 3298 1223 3381 Vltttmlttt
1239 3305 1295 3383 bet
1311 3298 1417 3382 «sltem
1436 3300 1602 3396 btutsdata
1618 3301 1802 3383 litteratas

179 3423 260 3495 pag.
280 3425 359 3491 223.
422 3399 603 3495 Jolraunes
624 3397 787 3494 Angelus
812 3397 1016 3494 lngolstadii
1041 3400 1253 3493 composuit,
1280 3417 1320 3474 ut
1343 3426 1388 3473 ex
1421 3399 1662 3497 subscriptione
1683 3411 1799 3497 patet:

181 3494 291 3672 Riese
329 3499 514 3691 psatpctsffa
551 3503 622 3590 bat
658 3498 837 3596 pentuma
868 3499 1048 3588 maana
1069 3495 1283 3666 gaspannae
1309 3497 1440 3599 stupas
1465 3502 1503 3574 sn
1528 3505 1591 3574 bu
1612 3487 1801 3581 tourtam

224 3610 421 3673 atottttat
486 3615 508 3669 n

180 3690 437 3777 astronomiae,
475 3609 538 3765 vel
562 3690 764 3765 lllatheseos
787 3691 1016 3766 Prosellorem
1039 3691 1275 3767 Viennensem
1301 3694 1491 3788 adpellant.
1563 3691 1697 3766 Verum
1719 3693 1803 3765 licet

541 3592 653 3678 asnaa
677 3592 752 3687 anf
770 3603 845 3671 baa
878 3597 954 3677 m.
974 3591 1070 3667 CCC
1113 3597 1303 3690 axxxxoj.
1325 3596 1421 3692 star.
1471 3594 1632 3689 Plerique
1645 3593 1803 3671 nostrum
1937 3646 1939 3651 ν

184 3808 319 3866 certum
340 3789 399 3872 ht,
421 3789 576 3884 longiori
601 3802 763 3884 tempore
784 3788 934 3865 Viennae
952 3790 992 3863 in
1017 3787 1158 3864 Aullria
1181 3804 1445 3867 commoratum
1471 3789 1586 3874 fuisse.
1613 3789 1804 3865 &ibidem
1936 3822 1938 3827 ¹

181 3888 481 3963 ,obseruationibus
504 3886 749 3962 astronomicis
771 3910 915 3983 operam
939 3885 1084 3960 dedisse:
1115 3899 1237 3961 tamen
1267 3889 1384 3962 nullus
1408 3911 1548 3980 eorum.
1573 3887 1631 3981 qui
1654 3887 1700 3961 de
1717 3887 1805 3962 Pro·

184 3986 361 4059 sessoribus
381 3983 634 4061 Viennensibus
650 4009 695 4058 ex
710 3984 863 4059 instituto
886 3982 1106 4080 scripserunt,
1132 3986 1259 4076 horum
1282 4007 1430 4059 numero
1447 3983 1627 4078 Angelum
1650 3984 1806 4057 nostrum

180 4081 377 4164 accensuit,
408 4085 504 4176 quod
537 4098 620 4156 ante
650 4106 710 4155 me
737 4081 933 4155 observavit
959 4082 1013 4155 Cl.
1038 4082 1146 4154 Derris
1171 4084 1216 4163 lla
1236 4082 1365 4164 Vssitass
1396 4074 1806 4175 ffiumbmtltmtl'daltbte

185 4203 267 4275 pag.
286 4194 343 4261 80.
406 4179 555 4255 Videtur
573 4204 660 4275 ergo
683 4203 814 4254 munus
837 4178 988 4252 docendi
1009 4177 1186 4274 publicum
1208 4179 1266 4253 vel
1289 4178 1402 4252 studio
1425 4177 1627 4258 declinasse,
1656 4177 1712 4250 vel
1732 4198 1807 4253 nou

186 4275 384 4351 admodum
404 4275 604 4363 adsesialse.
627 4292 667 4353 ut
689 4278 785 4351 libris
808 4276 937 4374 partim
960 4276 1235 4371 componendis..
1265 4278 1393 4373 partim
1416 4277 1569 4355 aliorum
1592 4271 1810 4367 corrigendis

185 4373 328 4449 liberius
353 4393 480 4447 vacare
502 4373 620 4469 posset.
699 4375 794 4450 Obiit
824 4375 972 4452 Viennae
1001 4374 1038 4446 in
1068 4370 1207 4448 Austria
1232 4398 1327 4452 anno
1357 4397 1458 4466 1512.
1497 4371 1604 4444 tortio
1641 4368 1809 4446 calendas

188 4470 365 4547 Ostobris.
388 4470 588 4564 ibidemque
614 4471 768 4569 sepultus
791 4473 841 4546 est
859 4473 895 4547 in
915 4472 995 4547 aede
1014 4470 1052 4545 S.
1069 4471 1263 4546 Laurentio
1287 4471 1391 4545 sacra.
1444 4467 1543 4543 Coos.
1558 4467 1699 4569 Georgii
1716 4466 1810 4541 Tan·

44 4637 48 4644 .
189 4567 322 4650 stenen
344 4564 578 4664 Catalogssma
616 4570 654 4647 in
685 4572 755 4673 quo
778 4569 1001 4653 recensentur
1036 4567 1114 4650 Uiri
1146 4566 1380 4645 Mathematici
1397 4589 1480 4666 quos
1502 4563 1629 4665 inclyta
1659 4559 1812 4673 lsrtnense

1676 4684 1771 4758 gpm·
