3892 5182
824 51 828 55 ·
1477 68 1480 73 Ι
1570 98 1573 102 ·
1689 157 1693 163 .
1813 90 1825 129 Γ

262 398 269 415 ⁸
815 246 1137 403 ἑὲ
1453 350 1455 355 -
1624 246 1627 251 ’
1724 264 1782 385 '95

168 460 239 536 'bus
265 454 358 532 alias
380 452 567 535 Antonius
589 458 686 635 Sorfi
708 411 861 538 celebris
884 440 1119 555 Augustanus
1138 458 1391 560 typographus
1413 461 1497 539 usus
1521 461 1572 538 est
1591 487 1623 540 e.
1636 485 1671 558 g.
1691 460 1780 539 dum
1811 442 1814 447 ’

167 580 262 631 anno
291 556 422 652 eodem
447 555 629 669 speculum
689 615 698 634 .
719 561 848 657 Mariae
871 558 1055 651 Virginis,
1082 563 1173 669 item
1193 559 1232 659 S.
1251 555 1431 634 Ambrosii
1453 560 1566 636 libros
1589 561 1719 655 decem
1738 559 1777 634 in

165 655 204 728 in
230 654 371 727 Lucam
397 651 520 753 (conl.
539 655 582 728 N.
602 655 645 731 V.
662 655 701 733 dc
719 651 814 829 Vl}
831 656 870 733 in
895 656 1014 731 lucem
1036 657 1173 732 ederet.
1239 658 1361 744 Quare
1383 656 1505 731 eidem
1529 656 1779 733 inconstanter
1937 672 1941 683 ·

166 751 327 826 adscribo
352 748 536 826 sermones
562 752 659 828 illos.
711 753 767 828 Cl.
816 754 931 851 aplius
954 759 988 829 ln
1013 753 1216 854 augebator
1235 751 1622 852 ibocbbracsrrprsdplcbre
1645 752 1778 831 sermo·

164 872 228 925 nes
249 848 337 924 istos
362 849 411 922 ad
431 870 516 924 ann.
546 857 648 950 1476.
672 875 748 926 non
770 852 960 929 excitavit.

163 1130 289 1236 XIV.
318 1135 510 1230 Lesura
551 1138 608 1229 D.
638 1142 764 1232 Baldi
799 1144 854 1230 de
891 1143 1061 1234 Petusio
1098 1143 1142 1231 in
1178 1140 1294 1232 vtum
1328 1138 1529 1239 VIIlvum
1563 1140 1608 1230 81
1641 1116 1803 1231 1)(ηιὶιιιι
1930 1122 1941 1149 ”

261 1256 436 1344 ,librum
472 1258 678 1351 codicis.¹
741 1257 992 1348 Mediolani
1029 1284 1107 1374 per
1142 1259 1500 1382 christophorum
1549 1257 1780 1352 Valdars'er
1829 1292 1835 1302 ·

286 1398 387 1459 ann.
417 1380 541 1486 1475.
568 1375 612 1459 in
636 1371 744 1470 Fol,

152 1602 160 1615 '
254 1598 424 1675 Lesturae
447 1602 484 1675 in
507 1611 582 1674 tres
611 1598 697 1675 istos
728 1599 841 1677 libros
872 1625 946 1675 non
982 1599 1086 1676 simul
1117 1626 1161 1678 ac
1193 1601 1319 1689 semes,
1361 1600 1420 1677 sed
1445 1599 1634 1677 succeffive
1662 1601 1778 1678 altera
1900 1673 1906 1681 .

157 1697 229 1795 post
253 1699 413 1771 alteram
440 1698 653 1794 prodierunt
677 1701 716 1773 in
739 1699 882 1782 lucem,
919 1712 962 1773 ut
985 1701 1124 1796 patebit
1159 1724 1205 1776 ex
1237 1700 1565 1796 subscriptionibus.
1641 1699 1777 1775 Forma

161 1795 322 1871 exterior
347 1790 464 1869 tribus
490 1796 620 1871 eadem
641 1795 701 1877 est.
752 1796 907 1871 Litterae
929 1795 1008 1870 sunt
1028 1799 1197 1872 rotundae
1214 1799 1478 1895 perelegantes.
1530 1796 1699 1893 Papyrus
1713 1797 1777 1871 sir·

161 1891 310 1967 miffima
334 1889 457 1978 simul,
484 1894 521 1969 dc
546 1891 753 1968 nitidiffima
777 1891 838 1966 est.
910 1894 1062 1980 Quavis
1091 1896 1224 1990 pagina
1247 1896 1297 1970 est
1322 1897 1359 1969 in
1390 1896 1481 1968 duas
1505 1893 1695 1969 columnas
1720 1896 1777 1971 di·

164 1989 296 2064 rinna.
350 1990 514 2065 initiales
540 1990 683 2064 litteras
701 2012 834 2087 parvas
852 1995 1105 2087 typographus
1127 1992 1198 2103 ipse
1222 1992 1357 2090 adjecit
1372 1993 1596 2089 plerumque.
1647 1992 1776 2067 Custo-

164 2086 222 2160 des
246 2110 355 2171 vero,
385 2088 600 2184 paginarum
626 2090 788 2172 numeri,
814 2087 852 2164 dt
871 2088 1065 2182 signaturae
1089 2090 1227 2166 desunt.
1267 2089 1433 2165 'Ledura
1455 2090 1493 2163 in
1515 2089 1649 2165 librum
1668 2091 1775 2185 quin·

167 2205 238 2262 tum
263 2190 404 2266 codicis
433 2193 525 2265 lianc
555 2190 664 2265 habet
692 2190 1005 2287 subscriptionem,
1045 2192 1154 2265 rubro
1191 2192 1396 2289 impressam
1427 2191 1569 2266 colore:
1612 2190 1773 2292 Impffnm
1823 2202 1834 2219 ⁸

179 2290 246 2363 Ml?
264 2320 310 2388 prr
323 2294 508 2390 Xpl'ofirru3
530 2291 571 2366 V
566 2292 744 2387 rosdorsrr
765 2291 925 2392 (reitius
946 2292 1170 2392 Valdarfer)
1191 2294 1394 2393 Rolisponen
1410 2320 1469 2368 rm.
1521 2294 1574 2367 Im
1597 2296 1680 2464 erfo
1695 2292 1773 2398 Ja-

187 2390 228 2459 ris
235 2388 374 2483 scosorir.
403 2393 436 2465 d.
474 2390 697 2486 Petrinnlonij
728 2388 769 2462 de
793 2389 914 2487 Burgo
943 2387 1023 2463 diiii
1048 2387 1089 2463 dc
1111 2391 1295 2490 castelliano
1318 2391 1358 2467 is
1407 2390 1527 2487 soisippi
1577 2417 1593 2462 e
1629 2394 1765 2466 duania.

179 2482 265 2560 Arno
280 2488 410 2564 domini
427 2488 478 2563 M
478 2483 724 2562 CCCCLXX
720 2487 786 2563 VI.
827 2486 896 2562 Dic
922 2486 993 2562 IX.
1018 2485 1166 2584 Aprilis.
1208 2488 1383 2587 Regnante
1410 2486 1619 2589 Inoisirfflrno
1643 2487 1770 2588 Quinto

177 2580 329 2659 Gasroaio
349 2588 473 2680 Morio
498 2584 630 2680 Sforlio
659 2588 851 2671 vicecomite,
903 2581 965 2659 Ad
980 2585 1117 2660 calcem
1135 2586 1298 2663 Leslurae
1311 2589 1348 2662 in
1365 2585 1551 2672 odavum,
1570 2585 1614 2661 ²&
1632 2609 1773 2661 nonum

169 2684 296 2758 codicis
335 2687 494 2781 geminae
535 2683 706 2778 leguntur
745 2683 1039 2778 subscriptiones,
1083 2683 1121 2760 dr
1150 2686 1250 2781 prior
1278 2686 1426 2781 quidem
1451 2683 1624 2778 utrinque
1645 2684 1771 2778 nigro,
1823 2694 1828 2701 “

163 2781 332 2875 posterior
352 2805 442 2857 vero
468 2780 576 2856 rubro
596 2779 761 2877 impressa
784 2776 918 2855 colore.
985 2780 1167 2856 Posterior
1187 2781 1312 2857 similis
1333 2782 1506 2877 utrinque
1529 2782 1578 2855 est
1600 2778 1771 2878 subscrip·

161 2878 254 2951 tioni
276 2876 421 2954 lemnae
447 2880 485 2953 in
508 2878 678 2972 quintum
701 2877 840 2952 codicis
864 2876 1032 2974 adjettae:
1060 2876 1235 2955 disserunt
1255 2893 1401 2954 tantum
1433 2879 1554 2973 quoad
1592 2877 1770 2965 mensem,
1848 2887 1852 2895 '

156 2978 193 3052 dr
213 2976 316 3051 diem
342 2973 592 3075 impressionis.
641 2975 826 3049 Nimirum
852 2975 1005 3048 Lestura
1028 2974 1067 3047 in
1090 2978 1259 3068 quintum
1280 2977 1420 3051 codicis
1438 2973 1604 3071 impressa
1624 2973 1674 3048 est
1701 2973 1772 3049 Die

155 3072 225 3149 IX.
251 3071 291 3147 A
333 3075 397 3148 isis.
445 3071 598 3148 Ledura
620 3073 658 3145 in
681 3070 849 3146 odavum
871 3072 929 3143 die
950 3068 1081 3144 XVII.
1096 3067 1223 3174 Junii,
1251 3072 1289 3148 δι
1312 3073 1464 3147 Ledura
1485 3073 1524 3164 in
1546 3094 1686 3147 nonum
1707 3096 1771 3146 co·
1909 3062 1936 3079 ”

154 3174 253 3248 dicis
300 3171 328 3242 ie
348 3170 485 3245 XVII’.
514 3169 613 3266 May.
662 3167 737 3243 Sed
763 3170 801 3242 in
821 3181 975 3261 utraque
996 3168 1185 3261 posteriori
1201 3167 1335 3243 sessura
1357 3168 1564 3265 subscriptio
1584 3169 1691 3263 nigro
1707 3192 1770 3242 co-

153 3270 234 3345 lore
258 3268 420 3365 expressa
446 3264 612 3343 disserta
638 3265 912 3362 subscriptione,
951 3285 1034 3359 quae
1060 3265 1182 3340 colore
1210 3267 1320 3340 rubro
1350 3264 1443 3339 satta
1465 3265 1533 3349 est,
1559 3264 1772 3357 &quidem

154 3366 367 3463 subscriptio
395 3367 499 3461 nigra
521 3367 568 3440 ad
594 3363 768 3438 inituram
792 3362 1020 3438 in'osbavum
1046 3363 1126 3437 cod.
1141 3385 1206 3458 pro
1221 3364 1281 3438 die
1294 3360 1427 3436 XVlll.
1441 3356 1529 3458 (18)
1545 3359 1653 3432 habet
1670 3360 1770 3445 diem

153 3464 305 3541 xvssll.
328 3459 416 3564 (19)
431 3463 539 3562 Junii.
592 3458 725 3535 Annus
746 3475 871 3535 tamen
892 3461 1065 3554 utrinque
1086 3460 1135 3534 esl
1161 3462 1270 3535 idem.
1346 3454 1569 3553 Subscriptio
1591 3455 1696 3550 nigra
1715 3457 1770 3532 ad
1847 3508 1894 3567 ¹.

153 3562 352 3639 Lesturam
373 3563 412 3634 in
434 3582 572 3634 nonum
595 3557 675 3632 cod.
699 3556 746 3633 sic
767 3558 896 3633 habet:
940 3555 1100 3653 Explicit
1126 3554 1269 3631 Lesinro
1289 3555 1426 3629 Eximii
1447 3542 1546 3630 sunnis
1581 3616 1590 3641 ,
1633 3554 1693 3629 rir.
1722 3552 1767 3630 V.

151 3658 296 3735 Domini
320 3657 431 3734 Bassi
451 3657 491 3731 dr
515 3656 647 3755 Perufio
664 3654 709 3751 su
766 3654 868 3730 Nono
895 3652 1036 3730 Codicis.
1077 3652 1159 3729 Ario
1184 3654 1269 3729 Drii.
1308 3653 1364 3727 M.
1388 3649 1572 3728 CCCGL
1611 3650 1664 3727 II.
1700 3651 1770 3727 Die
1930 3742 1934 3747 ,

155 3756 290 3833 XVII.
314 3757 419 3854 Moij.
450 3753 513 3831 Al
531 3753 661 3829 snodrrn
670 3680 796 3850 sisinni
816 3757 972 3828 sonantis.
1007 3751 1130 3827 Aaron.
1193 3752 1269 3828 Sed
1288 3774 1406 3827 annus
1427 3773 1518 3848 1457
1538 3749 1576 3823 in
1600 3750 1669 3824 hac
1690 3750 1788 3826 sub.

152 3854 349 3952 scriptione
375 3854 436 3931 vel
462 3877 562 3930 error
584 3853 807 3949 typographi
830 3851 898 3937 eil,
927 3852 986 3928 vel
1009 3874 1145 3928 annum
1170 3851 1345 3938 denotat,
1371 3872 1444 3946 quo
1460 3848 1598 3935 codex,
1622 3848 1768 3946 quiim-

151 3952 303 4053 presiori
326 3976 395 4053 pro
422 3974 553 4030 norma
575 3950 666 4037 suit,
689 3948 843 4047 scriptus
868 3948 929 4026 est.
1063 4048 1065 4056 Ι
1498 3962 1501 3969 ’
1852 3970 1854 3975 ’
