3892 5182
387 456 394 463 p
809 284 1139 419 EQ
1547 422 1549 427 ,
1726 338 1783 431 ta

158 510 278 610 prima
298 505 398 584 tituli
418 506 499 581 loco
522 503 604 584 haec
624 503 816 604 leguntur:
842 503 933 580 Dsiii‘
958 501 1079 580 Tiona
1094 506 1262 605 aquinatis
1280 509 1468 587 continuum
1486 512 1522 589 in
1536 512 1659 589 librum
1679 538 1781 588 enon·

160 610 241 709 gilii
251 610 320 718 sim
344 603 531 680 Marsicum.
601 605 696 680 Tum
722 605 882 703 sequitur
908 602 1061 680 Cateoae
1084 607 1138 680 iii'
1151 607 1356 684 Mathaeu'm
1379 612 1562 687 dedicatio
1591 613 1685 689 satia
1711 613 1783 688 Ur·

160 712 253 783 bano
281 705 342 781 IV.
369 705 408 779 P.
428 706 478 780 Ni.
504 701 609 800 cujus
631 703 728 801 jussu·
756 705 798 781 S.
822 700 984 777 Thomas
1005 703 1076 777 hoc
1099 723 1191 800 opus
1213 700 1470 783 adornaverat.
1547 712 1783 786 Terminatur

156 809 237 882 baec
264 805 450 879 dedicatio
472 804 509 876 in
533 804 664 898 primae
688 803 798 898 primi
819 801 900 875 solii
922 799 1068 897 paginae
1088 803 1266 878 ‘columna
1286 804 1458 894 secunda,
1484 807 1583 883 linea
1612 835 1669 904 32.
1740 809 1783 884 In

157 905 229 979 fine
254 905 409 978 Catenae
434 903 472 975 in
498 901 719 975 Mattbaeum
742 898 844 976 tituli
866 897 1039 992 leguntur
1068 896 1453 995 singulorumrordine
1481 907 1643 1002 capitum
1672 903 1783 1001 hujus

156 1002 354 1097 evangelii.
403 997 579 1113 Adjeiius
605 997 656 1110 esi
685 998 802 1111 etiarn
822 997 937 1071 index
963 998 1260 1092 evangeliorum,
1284 1022 1369 1116 quae
1398 1004 1595 1078 dominicis
1624 1002 1662 1079 ὅ(
1683 1002 1785 1113 fesiis

153 1095 717 1277 a‘ttttmieittaibi
731 1092 1153 1269 inmisit„
1172 1097 1786 1371 stitit-igtittittti

156 1295 414 1381 Cardinalem,
452 1294 583 1387 inqua
609 1289 779 1376 testatur,
820 1288 1049 1366 sedesuniio
1075 1289 1151 1386 jam
1182 1293 1333 1369 Urbano
1349 1292 1411 1372 IV.
1460 1299 1533 1372 ‚iii
1562 1318 1667 1393 cujus
1691 1294 1784 1393 jussu

154 1399 339 1473 Catenam
362 1395 402 1466 in
427 1394 648 1467 Mattliaeum
664 1389 931 1474 adornaverat,
956 1386 1004 1461 ad
1027 1390 1280 1466 adornandam
1294 1393 1332 1467 in
1347 1394 1509 1490 reliquos
1525 1395 1640 1469 etiam
1658 1393 1785 1467 Evan-

153 1493 302 1592 geiistas
326 1489 696 1567 Catenamanimum
714 1483 942 1582 adplicuisse,
971 1510 1012 1557 nr
1029 1510 1128 1583 opus,
1154 1487 1243 1584 quod
1262 1487 1650 1588 obedientiniiiceprrot,
1675 1489 1784 1588 negii·
1940 1484 1944 1497 ’

154 1595 267 1692 gentio
294 1586 516 1686 imperseiium
537 1584 745 1680 relinquerer.
795 1579 915 1656 Addit
936 1604 1101 1679 quoque,
1127 1599 1217 1660 uto
1243 1611 1288 1662 us
1310 1590 1404 1664 istud
1429 1590 1624 1689 persestius
1651 1590 1784 1665 redde·

156 1706 227 1776 iet,
254 1690 292 1765 se
314 1709 524 1784 graecorum
553 1705 699 1780 quoque
722 1693 874 1793 patruni
888 1680 1135 1777 expositiones
1154 1684 1194 1758 in
1214 1609 1373 1762 Iitinum
1394 1689 1609 1773 transferri,
1636 1686 1675 1764 δι
1697 1686 1784 1763 lati·
1872 1760 1875 1766 ,

157 1806 286 1865 norum
306 1788 463 1861 Parrum
487 1780 775 1878 expositionibus
791 1780 879 1853 addi
900 1778 1047 1855 curasse.
1100 1783 1252 1857 Catenis
1278 1786 1316 1858 in
1341 1785 1529 1872 Marcum,
1557 1787 1726 1870 Lucam,
1743 1782 1785 1869 dn

158 1890 360 1988 Iohannem
388 1883 529 1956 indices
549 1880 700 1976 quidem
724 1876 1021 1972 evangeliorum,
1048 1901 1131 1974 quae
1153 1879 1350 1958 dominicis
1372 1884 1411 1960 &
1434 1884 1535 1959 sestis
1552 1906 1618 1981 per
1643 1900 1792 1958 annum

162 1988 282 2061 diebus
306 1981 426 2055 solent
451 1979 596 2075 publice
615 1977 706 2070 legi,
733 1974 864 2072 adjerit
889 1973 980 2048 sunt.
1030 1973 1085 2051 At
1109 2001 1198 2052 vero
1223 1981 1322 2054 tituli
1343 1983 1607 2076 capitulorum,
1632 1983 1694 2077 qui
1710 1980 1785 2055 Ca·

163 2100 249 2160 tenae
274 2085 314 2156 in
342 2079 565 2153 Matthaeum
587 2076 737 2149 subnexi
761 2072 860 2158 sunt,
887 2073 926 2146 in
946 2073 1064 2147 tribus
1088 2075 1346 2170 posterioribus
1362 2080 1595 2176 evangelistis
1607 2105 1683 2155 non
1701 2078 1783 2154 sunt

169 2182 293 2276 injesti.
381 2177 537 2251 Litterae
558 2171 742 2257 initiales,
769 2169 958 2256 custodes,
985 2169 1199 2267 signaturis,
1226 2178 1443 2271 paginarum
1478 2179 1622 2252 numeri
1654 2172 1783 2250 desunt

173 2281 301 2451 iiiiii
342 2274 492 2448 stindici
513 2269 789 2370 evangeiiorum
816 2268 993 2366 johannis
1023 2271 1312 2351 Dominicaiium
1339 2276 1378 2353 dt
1394 2276 1608 2352 festivorum
1626 2272 1783 2371 sequens

95 2442 100 2451 .
319 2401 340 2452 e
383 2372 543 2450 'nonna
1152 2396 1156 2411 ·
1196 2434 1200 2439 -
1244 2394 1262 2404 “·
1392 2398 1410 2403 ·’
1658 2408 1661 2415 ·
1770 2412 1786 2435 ··

221 2396 234 2472 i
390 2500 393 2505 ·
453 2460 547 2526 32'·
620 2463 785 2540 ··Biori‘
827 2461 954 2538 'mame
1022 2462 1064 2538 dr
1105 2462 1303 2562 Aquinus·-

392 2588 394 2593 ·
495 2559 502 2583 ²
681 2562 777 2663 glosa
808 2565 964 2638 continua
984 2561 1090 2662 super
1118 2576 1263 2660 quonior

685 2660 922 2762 Evangrsistas
975 2663 1123 2756 feliciter
1179 2666 1265 2763 finit

685 2759 849 2932 IiiJiieffa
886 2757 1115 2859 Nurembergi
1154 2785 1180 2856 p
1216 2789 1296 2861 ipa.

685 2860 722 2932 ni
746 2883 801 2932 iiiii
879 2860 988 2932 viram
1054 2854 1268 2934 Arminium

553 2954 560 2995 ''
680 2955 845 3054 coberger.
893 2955 1000 3031 Anno
1026 2954 1121 3030 diiice
1146 2955 1263 3033 Incur.
1309 3018 1326 3026 ,.
1463 3019 1467 3031 .

683 3056 827 3126 aaronis.
885 3053 1071 3128 MILLE.
1130 3052 1267 3129 CCCC.
1337 3083 1343 3092 ’

675 3149 837 3226 LXXV.
854 3148 961 3227 DIE.
979 3151 1091 3226 VIII.
1106 3148 1191 3226 AV
1188 3148 1274 3228 GV.

161 3365 335 3460 xxiii.
364 3365 619 3455 chronicon
645 3361 825 3478 Eusebii
846 3361 993 3455 Caesai.
1023 3393 1046 3453 a
1071 3364 1113 3452 S.
1136 3362 1418 3476 Hieronymo
1443 3362 1578 3451 iatine
1599 3355 1783 3451 versum.

283 3484 361 3599 Ab
386 3486 546 3569 eodem
571 3503 770 3569 necnon
803 3477 1015 3594 Prospero
1039 3481 1312 3596 Aquitanico
1335 3476 1533 3590 Regieusi
1553 3471 1785 3590 Episcopo

276 3603 331 3686 ad
370 3621 528 3684 annum
565 3619 705 3713 usque
726 3622 811 3711 443
832 3621 883 3682 ac
912 3597 1087 3683 tandein
1113 3598 1167 3682 ab
1189 3622 1302 3682 anno
1329 3593 1419 3681 «Cb,
1440 3620 1522 3708 443
1548 3626 1596 3677 .-’-
1626 3608 1734 3699 1448
1760 3615 1785 3676 a

288 3714 501 3803 Mattiaco
527 3709 743 3800 Palmeiio
766 3711 1083 3799 contionatum.
1116 3710 1170 3799 In
1186 3707 1292 3799 Fol.
1312 3709 1419 3804 min.
1439 3707 1689 3798 Mediolani
1707 3732 1785 3820 pei

284 3828 534 3943 Philippum
559 3831 613 3915 de
635 3820 835 3916 Lavinia
867 3827 984 3913 circa
1010 3853 1107 3914 ann.
1140 3849 1266 3940 1475.

271 4024 365 4101 Haec
393 4024 560 4098 omnium
595 4025 717 4121 prima
751 4023 791 4100 dr
816 4021 1006 4119 originalis
1031 4022 1081 4097 est
1102 4019 1213 4119 hujus
1231 4021 1360 4118 ,operis
1384 4018 1516 4102 editio,
1534 4060 1537 4069 ·
1557 4037 1667 4113 quam
1689 4014 1787 4121 circa

172 4147 309 4201 annum
336 4146 426 4222 1475
450 4121 619 4197 excusam
637 4122 707 4198 eise
732 4121 903 4197 adfirmat
925 4119 1202 4217 Hambergerus
1225 4127 1260 4194 in
1280 4116 1499 4214 puniriiiigcn
1515 4113 1730 4202 madriano
1744 4134 1785 4184 n.
1849 4169 1852 4173 .

171 4225 250 4317 tiu.
279 4249 309 4298 2.
332 4244 414 4319 pag.
444 4245 535 4319 710,
563 4221 602 4298 dt
621 4221 698 4319 posi
723 4245 809 4296 eum
835 4221 893 4294 vir
916 4218 961 4294 cl.
983 4218 1144 4294 Michaei
1175 4219 1291 4294 Denis
1321 4222 1355 4288 in
1379 4212 1704 4307 ‘iiiirfroi‘iroipiiiten
1734 4216 1786 4283 ber

175 4321 343 4419 porciliis).
363 4320 560 4412 ffiibsiotbci
587 4343 668 4416 pag.
695 4345 777 4416 400.
827 4317 869 4392 In
891 4315 1015 4392 aversa
1034 4318 1142 4413 primi
1165 4316 1245 4392 solii
1265 4313 1398 4409 pagina
1423 4310 1558 4386 Bonini
1581 4305 1787 4380 Mombritii

176 4423 245 4494 tria
274 4420 447 4515 leguntur
478 4418 773 4514 Epigrammata,
812 4439 969 4512 quorum
990 4417 1151 4511 primum
1182 4412 1381 4486 adscribam
1409 4410 1611 4518 integrum,
1658 4416 1788 4498 utpote

179 4541 249 4614 quo
278 4518 324 4594 de
351 4514 521 4615 praesenti
549 4517 732 4603 editione,
759 4536 843 4612 quae
870 4513 968 4613 scitu
981 4511 1177 4590 necessaria
1200 4509 1262 4587 vel
1280 4516 1380 4586 certe
1404 4505 1510 4580 utilia
1530 4502 1632 4590 sunt,
1658 4503 1788 4577 edoce·

179 4640 270 4694 mur.
343 4630 362 4695 ,ἰ
450 4668 454 4675 -
1718 4681 1722 4687 .
1801 4676 1805 4683 .

1630 4716 1741 4817 IHJIo·
