3892 5182
179 480 340 586 tir'eosogie
360 484 555 589 professoris
584 484 703 566 eximii
715 485 822 591 fiper
835 488 953 566 omnia
973 515 1074 590 opera
1097 483 1208 566 diuini
1225 487 1378 568 desieris.
1417 487 1540 567 mom
1561 487 1731 591 nquinat&
1741 490 1802 586 se·

171 584 284 661 liciter
304 587 373 660 ieci
394 588 432 662 it.
512 586 617 665 Tunc
643 589 859 672 immediate
877 589 1043 688 sequitur
1067 590 1245 667 Praesatio
1266 591 1305 666 in
1327 614 1421 690 opus
1437 591 1613 688 praesens,
1637 591 1698 667 cui
1721 590 1801 666 sub·

171 681 317 782 junttus
341 610 395 760 ei
415 684 607 782 catalogus
628 709 781 782 operum
805 687 844 764 S.
864 685 1019 765 Thomae
1039 688 1091 765 de
1113 685 1275 786 Aquino.
1335 690 1446 766 Hunc
1467 689 1607 784 excipit
1630 686 1692 763 oris
1714 690 1801 781 (nu-

170 779 319 881 merus)
340 780 381 859 8
401 783 488 858 ordo
509 782 692 885 opusiasoq
705 783 795 884 sitsi
813 785 956 863 dosoris
1009 814 1041 860 m
1061 810 1097 883 qo
1124 786 1288 887 allegant*
1311 788 1347 862 ira
1374 786 1437 861 irae
1459 784 1585 861 mbuim
1636 787 1798 864 Demunr

171 880 368 979 sequuntur
389 883 673 978 adprobationes
697 884 873 962 dosirinae
897 886 935 961 S.
987 885 1112 963 homae
1145 882 1184 986 1)
1210 885 1350 962 Urbani
1372 887 1494 983 Papae.
1548 881 1589 984 2)
1614 883 1799 960 Universi·

171 980 260 1056 tatis
284 978 503 1057 Parisrensrs.
571 986 611 1077 3)
638 982 844 1059 lnnocentii
875 983 912 1059 in
950 983 1115 1061 sermone
1143 985 1189 1060 de
1224 983 1264 1059 S.
1284 984 1426 1060 Thomu
1448 983 1552 1080 super
1573 981 1684 1058 illud:
1709 980 1799 1056 Ecce

168 1076 245 1179 pius
267 1102 370 1175 quom
392 1076 554 1156 Salomon
580 1078 644 1154 laic.
707 1077 834 1179 Atque
858 1082 940 1159 haec
964 1084 1113 1180 quidem
1137 1082 1257 1159 tribus
1281 1082 1382 1158 foliis
1404 1079 1580 1178 impressis
1603 1081 1798 1156 continen-

171 1189 238 1253 tur.
293 1174 399 1252 Folio
423 1179 572 1255 demum
592 1189 725 1276 quarto
749 1180 761 1253 i
788 1177 824 1255 sa
846 1179 977 1279 incipit
993 1180 1139 1268 tabula,
1167 1181 1227 1258 seu
1247 1181 1379 1266 index,
1405 1181 1555 1277 gothico
1576 1177 1795 1267 charasiere.

170 1276 293 1352 minus
314 1275 450 1373 longo,
487 1300 556 1353 nee
579 1276 707 1381 pinqui
732 1200 957 1365 alimodum,
997 1280 1139 1357 cbartae
1161 1278 1381 1357 nitidissimae
1405 1278 1606 1379 impressus.
1655 1275 1797 1355 Desunt
1931 1306 1936 1311 ·

170 1372 352 1458 urslodes.
388 1373 606 1472 signaturae,
644 1376 861 1473 paginarum
897 1378 1062 1464 numeri,
1101 1376 1327 1455 &initiales
1359 1378 1495 1455 litterae
1528 1399 1691 1463 vocum..
1709 1396 1796 1472 quae

170 1473 297 1573 primae
323 1471 404 1549 sunt
426 1475 465 1547 in
489 1475 621 1550 ordine
645 1473 840 1571 alphabeti.
887 1476 955 1551 ·1n
979 1476 1153 1574 superiori
1175 1477 1344 1574 margine
1372 1475 1540 1575 cujusvis
1565 1476 1711 1573 paginae
1731 1475 1794 1551 in·
1881 1507 1906 1545 e

172 1572 319 1647 dicatur
346 1572 465 1668 prima
488 1570 626 1668 syllaba
640 1594 806 1657 ¹erocum,
843 1594 926 1670 quae
948 1574 1085 1650 ibidem
1106 1588 1325 1661 occurrunt,
1358 1599 1391 1651 e.
1403 1599 1443 1671 vg.
1471 1571 1568 1660 DA,
1589 1574 1657 1649 ubi
1676 1573 1794 1649 sermo

173 1668 218 1746 est
244 1670 295 1746 de
320 1668 570 1747 damnatione.
653 1666 715 1746 Ad
743 1671 886 1748 calcem
913 1672 1115 1749 voluminis
1139 1671 1226 1750 satis
1249 1672 1361 1771 ampli
1383 1673 1558 1770 leguntur
1584 1672 1791 1768 sequentiae
1892 1704 1908 1720 ·

172 1766 409 1870 Religiofifflmi
426 1770 498 1843 ariri
515 1770 647 1865 fratris
669 1768 825 1867 petride
850 1769 1173 1870 Bergorrroorde'rr'r
1234 1770 1396 1871 edreoto4
1413 1770 1513 1870 sacre
1534 1769 1694 1869 theologie
1706 1794 1793 1869 pro·

168 1864 295 2065 weit
316 1869 443 1942 eximii.
465 1866 701 1966 superomnia
769 1892 827 1943 era
844 1866 956 1944 diuini
977 1867 1121 1946 elatioris
1149 1796 1271 1946 siim
1297 1868 1484 1967 Aquinatis
1509 1867 1627 1945 tabula
1641 1868 1792 1964 filiaster

228 1978 253 2043 t.
303 1962 498 2068 Impeeffum
512 1967 699 2065 finitumqq
760 1967 855 2068 afisee
873 1992 935 2066 per
954 1994 1004 2042 me
1019 1966 1225 2046 Beatos-et
1248 1964 1369 2045 Ricires
1380 1970 1486 2045 ciuem
1501 1968 1660 2069 Bofisr‘eri.
1682 1965 1791 2043 Anne

178 2059 227 2145 εὖ.
256 2074 384 2179 estete
412 2062 544 2237 (ιὶῃξς)
566 2065 620 2140 die
640 2068 770 2143 certeis
793 2092 815 2163 q
838 2066 911 2162 suit
932 2079 1055 2165 quarto
1069 2070 1184 2165 menfis
1203 2064 1393 2144 decembris.
1444 2067 1515 2142 His
1536 2065 1688 2164 subjetta
1708 2065 1791 2143 sunt

349 2165 388 2238 br
409 2165 449 2243 in
463 2165 574 2260 ignia.
652 2164 828 2243 Meminit
860 2163 976 2269 hujus
1007 2167 1185 2245 editionis
1215 2167 1331 2247 etiam
1360 2166 1518 2245 Orlandi
1539 2165 1581 2242 in
1607 2163 1790 2265 Originae

137 2336 142 2349 ,
276 2262 328 2364 effi
348 2260 578 2364 dedeflumpo
598 2285 682 2362 pag.
705 2267 788 2340 abb.
836 2298 841 2307 ·

187 2476 253 2577 tt
281 2482 469 2576 Thomae
504 2482 560 2573 de
592 2476 862 2590 Haserbacn,
892 2478 1062 2573 Theoi.
1094 2478 1334 2588 Dodioris,
1369 2480 1413 2572 de
1447 2479 1704 2573 Professorie
1738 2481 1785 2573 in
1876 2573 1880 2579 .

284 2580 543 2691 Academia
553 2596 792 2690 Viennensi
815 2604 1075 2689 Sermonum
1100 2594 1450 2689 Dominica'lium
1477 2600 1523 2689 -in
1563 2598 1786 2715 Epistolas
1938 2704 1945 2716 ¹

284 2713 330 2810 S.
357 2713 481 2804 Pauli
516 2712 616 2802 Pars
645 2712 681 2801 l.
716 2732 842 2826 1478.
889 2712 1002 2805 'Pars
1028 2714 1091 2802 li.
1112 2710 1185 2802 seu
1205 2714 1443 2825 aestivales
1470 2712 1559 2807 fine
1578 2718 1687 2815 loco
1711 2738 1787 2803 an·
1816 2802 1823 2811 ,

118 2936 132 2947 ,
280 2859 339 2922 no
368 2828 414 2920 bt
444 2827 767 2946 Typographo.
798 2857 841 2923 a.
866 2826 994 2922 Voll.
1022 2828 1070 2918 in
1096 2826 1136 2919 F
1140 2831 1201 2926 ol.
1228 2832 1333 2921 uua.
1580 2824 1584 2835 ’

252 3098 257 3107 .
327 3027 462 3106 Ambae
484 3038 635 3126 partes,
658 3026 795 3103 iisdem
809 3025 891 3103 sunt
906 3027 1025 3123 typis,
1051 3026 1245 3123 eidemque
1259 3027 1400 3105 chartae
1413 3027 1610 3124 imptess'ae,
1636 3028 1787 3105 utadeo
1878 3042 1884 3053 ‘

156 3126 308 3211 nullum
328 3126 370 3202 srt
396 3127 547 3203 dubium
565 3125 656 3223 quin
678 3149 728 3202 err
751 3125 882 3200 eadem
907 3125 1153 3221 typographia
1181 3125 1311 3201 eodem
1334 3126 1483 3201 circiter
1506 3138 1674 3225 tempore
1695 3151 1787 3223 pro·

157 3230 313 3309 dierint.
365 3225 468 3303 Parti
485 3225 633 3321 utrique
656 3221 834 3322 praefixus
857 3222 907 3299 eil
929 3224 1043 3299 index
1064 3221 1315 3319 alphabeticus
1338 3224 1586 3299 materiarum.
1666 3224 1784 3300 Index

155 3350 257 3407 vero
284 3325 447 3401 secundae
467 3324 586 3421 partis
606 3322 786 3400 tredecim
802 3321 944 3398 constat
967 3322 1070 3398 soliis
1093 3318 1280 3418 impressis.
1324 3323 1492 3418 Uterque
1506 3326 1547 3399 iu
1563 3323 1690 3397 aversa
1708 3321 1784 3418 pri·

153 3426 221 3507 ni
247 3423 327 3500 solii
347 3424 481 3519 pagina
498 3421 640 3519 incipit.
691 3421 783 3497 Pars
805 3422 923 3516 prima
946 3422 986 3497 in
1008 3421 1131 3496 fronte
1157 3419 1238 3495 folii
1264 3444 1278 3497 r
1285 3447 1307 3515 3
1331 3421 1426 3494 hanc
1444 3418 1555 3497 habet
1578 3418 1783 3519 inscriptio-

155 3546 279 3607 nem:
304 3520 567 3619 incipit-prima
596 3542 678 3613 porr
700 3517 871 3617 sermonei-
885 3508 1103 3594 dominicam
1128 3517 1196 3616 sap
1232 3517 1381 3621 epistolas
1407 3515 1522 3595 Pausi.
1545 3541 1576 3599 κ
1593 3516 1783 3617 aseqriterp

153 3621 301 3703 mute
320 3619 401 3694 enni
424 3619 552 3718 egregii
572 3613 635 3692 deii
655 3613 798 3693 amore
824 3619 916 3716 regri
944 3614 1065 3692 lirome
1086 3614 1123 3690 d’
1145 3608 1316 3718 ieiselbocsr
1348 3618 1384 3692 in
1415 3619 1549 3718 austria.
1629 3616 1682 3692 Et
1705 3616 1791 3718 pri?

147 3747 217 3803 ao
234 3719 414 3820 peresam
440 3716 607 3815 eplog⁹irr
622 3713 686 3791 stc
709 3713 812 3793 moda
887 3717 1010 3795 Partis
1039 3739 1128 3792 vero
1152 3715 1318 3793 secundae
1345 3717 1383 3790 in
1406 3716 1528 3791 fronte
1553 3716 1633 3794 solii
1659 3742 1704 3815 14
1731 3719 1783 3797 est

224 3842 328 3911 uene,
340 3813 444 3891 inseri
488 3817 542 3891 io:
570 3811 856 3912 Incipitlsecundu
872 3840 967 3916 pars.
1010 3814 1189 3918 ‚eslimsis
1202 3813 1360 3913 sermomi
1384 3811 1556 3910 dricatieq
1584 3812 1687 3912 seper
1713 3822 1783 3915 epi·

285 3913 389 3991 Pauli
422 3830 543 3991 litante
564 3912 606 4028 de
633 3909 822 4010 Haselbaclr
839 3913 938 4010 sacre
963 3926 978 3989 t
1001 3914 1124 4012 eologie
1140 3910 1347 4015 profefforr's.
1426 3913 1582 4025 Litterae
1609 3914 1690 3988 sunt
1715 3937 1784 4011 go·
1938 3987 1942 3991 .

154 4014 445 4111 thie-esormae.
497 4013 662 4092 lnitrales
686 4010 911 4099 sermonum,
941 4012 1130 4099 custodes,
1156 4012 1372 4129 signatume,
1396 4031 1615 4122 paginarum
1639 4014 1784 4090 numeri

156 4118 206 4199 k
235 4113 494 4210 inscriptiones
517 4109 658 4194 desunt.
733 4107 886 4186 Nullum
914 4111 1030 4191 etiam
1058 4123 1222 4209 occurret
1251 4107 1394 4205 signum
1422 4106 1682 4197 diffinitionis,
1717 4110 1784 4189 nisi

158 4212 353 4319 punitum.
419 4212 461 4286 ln
490 4210 562 4285 sola
585 4208 745 4307 partium
764 4209 1050 4285 enumeratione
1066 4207 1164 4286 linea
1191 4207 1353 4300 occurrit
1374 4204 1585 4303 oblongior‚
1622 4229 1713 4302 eg.
1748 4204 1785 4289 ie

158 4308 352 4413 ermerprml
381 4308 417 4384 io
442 4310 572 4408 iejuniis
595 4306 636 4384 ss
654 4301 805 4406 uigiliis}
837 4309 873 4383 in
894 4308 994 4404 fame.
1014 4307 1084 4387 dte.
1150 4308 1350 4385 Samones
1372 4302 1536 4401 plerique
1556 4305 1639 4379 sunt
1663 4302 1786 4382 fufiti-

165 4412 246 4499 mi,
280 4410 425 4509 fuitque
452 4407 575 4484 audior
598 4407 689 4481 alias
715 4429 861 4503 quoque
872 4408 987 4483 nimis
1000 4405 1170 4493 diffissus.
1196 4403 1433 4500 demolirem,
1459 4405 1572 4488 adeo,
1601 4413 1644 4478 ut
1659 4424 1787 4499 quem.

167 4510 375 4591 admodum
392 4507 440 4583 de
459 4531 503 4584 eo
528 4519 653 4581 narrat
675 4505 810 4587 Sixtus
833 4503 1002 4583 Senensis
1022 4507 1062 4581 in
1082 4504 1304 4582 Bibliotlrec.
1326 4500 1430 4577 Sace.
1446 4499 1620 4587 libili..
1648 4501 1688 4578 in
1702 4527 1787 4584 aea.

167 4612 296 4693 demin
314 4603 522 4689 Viennensi·
540 4626 606 4705 per
631 4603 766 4703 viginti
792 4603 834 4685 dt
861 4626 979 4715 ussum
1010 4626 1135 4698 meaos
1160 4601 1385 4704 Propb'etuu
1409 4596 1539 4676 isaiam
1558 4598 1790 4778 publiceloex-
1833 4646 1838 4653 ·
1867 4706 1874 4717 ⁶

185 4754 189 4759 .
223 4776 228 4783 ,
253 4782 258 4795 ι
1676 4722 1746 4801 pq.
