3922 5176
217 342 251 447 4
859 302 1187 431 ἓξὲξ

176 580 179 585 ,
232 602 239 613 ι
316 513 649 609 Formam-miani
670 520 827 596 vocanti
847 510 929 589 liaec
950 512 1073 589 Biblia
1090 507 1349 607 solii-:mitioris
1368 508 1830 608 haberit-inipnelsaPapy·

220 632 265 707 ro
287 631 371 705 quac
392 610 477 685 alba
497 608 715 692 admodum,
743 607 937 697 &sirium
960 610 1069 685 instar
1092 610 1334 695 membranae,
1360 608 1493 695 e'st,.&
1513 609 1694 685 insolitam
1723 609 1847 684 habet.

220 706 468 805 latitudinem.
535 706 652 799 Signa
676 706 861 799 Chartarii
888 710 991 782 varia
1012 708 1102 783 sunt.
1178 707 1353 781 Omnium
1376 706 1675 804 frequentissime,
1702 721 1833 803 utpote

219 802 450 903 frequentius
475 801 612 889 multo,
636 825 746 899 quain
767 820 891 881 cetera
906 806 1030 880 omnia
1045 802 1147 879 simul
1164 803 1323 901 sumpta,
1351 807 1512 883 occurrit
1526 805 1650 881 littera
1664 804 1709 878 D.
1726 826 1837 900 quarn

220 902 321 983 linea
341 901 437 981 secat
458 900 791 1001 perpendicularis,
825 928 874 979 ex
899 918 1003 999 parte
1029 917 1106 976 tani
1133 902 1334 997 superiore,
1367 924 1478 997 quam
1499 902 1672 977 inferiore
1699 903 1837 999 pronit-

220 1021 336 1087 neris,
361 1000 482 1095 magis
495 1000 627 1076 ‘tamen
649 1022 694 1074 ea
718 997 860 1101 (modo
879 1000 1071 1086 inferiore,
1098 1001 1209 1075 niodo
1226 998 1441 1099 superiore)
1463 1024 1512 1075 ex
1529 1016 1641 1095 parte
1657 1021 1729 1097 qua
1744 1000 1838 1074 duas

221 1096 339 1181 lineas
362 1095 608 1185 transversas,
662 1121 749 1175 uam
774 1122 847 1195 qua
870 1098 1049 1173 annulum
1064 1096 1181 1172 ¹babet
1203 1098 1406 1197 adnexum:
1438 1096 1614 1195 „Signum
1634 1098 1720 1173 huic
1733 1120 1849 1193 pror-3

222 1188 436 1282 sslimile,
476 1193 542 1273 nisi
571 1120 671 1290 quoi
694 1196 804 1273 unius
837 1196 964 1273 annuli
992 1195 1075 1271 loco
1108 1196 1202 1269 duos
1231 1194 1383 1279 babeat,
1423 1197 1490 1287 aet'i
1515 1192 1668 1271 incisum
1688 1195 1844 1277 exhibet

274 1293 300 1369 li
360 1292 534 1369 llinusin
560 1292 654 1367 vind.
674 1290 872 1397 typograph.
884 1318 967 1407 pag.
984 1319 1043 1391 44
1074 1292 1316 1387 adfirmatque
1344 1294 1383 1367 in
1407 1290 1582 1368 Astexani
1610 1290 1839 1375 llllenteliani,

224 1390 333 1471 &Bi
359 1388 738 1487 lioruinEggesteinii
770 1392 919 1469 Chattis
943 1390 1035 1466 illud
1057 1413 1280 1486 comparere.
1348 1389 1389 1465 Si
1441 1390 1673 1465 aCliartarii
1703 1390 1775 1464 alia
1800 1388 1842 1465 iri

224 1486 357 1565 nollris
378 1484 514 1567 Bibliis
537 1489 872 1565 occurrentia-sunt
895 1512 1052 1575 corona,
1082 1511 1164 1584 quae
1186 1487 1264 1585 post
1292 1486 1337 1562 D.
1370 1490 1376 1503 '
1409 1489 1459 1563 ud
1482 1489 1650 1563 omniurn
1670 1488 1844 1587 frequen·

225 1583 355 1667 tillime
378 1587 557 1683 occurrit,
583 1609 677 1675 uva,
703 1584 742 1664 di
765 1588 878 1663 turris
903 1609 988 1663 raro
1011 1587 1212 1679 admodum
1235 1600 1482 1663 occurrentes.
1832 1614 1837 1619 ·

134 1815 144 1835 p
271 1792 274 1797 .
324 1732 580 1829 Plagulanim,
608 1752 764 1833 quarum
788 1734 904 1809 altera
933 1735 1039 1811 alteri
1071 1734 1203 1809 inserta
1228 1731 1298 1818 est,
1328 1728 1517 1815 'fasciculis
1540 1736 1633 1831 o'pus
1656 1734 1844 1829 integrum

226 1830 446 1927 constitae
476 1834 538 1926 qni
561 1846 686 1909 tamen
707 1834 868 1928 aequales
895 1831 969 1906 n'on
992 1828 1082 1907 sunt.
1159 1831 1258 1905 Nam
1290 1829 1358 1906 sex'
1382 1831 1525 1926 priores
1548 1830 1709 1906 fasciculi
1737 1833 1852 1929 quinss'

227 1930 416 2007 terniones
455 1928 545 2001 snit.
624 1929 813 2025 Septimus
851 1944 996 2005 tantum
1031 1931 1151 2008 tribus
1192 1929 1334 2019 constat
1371 1928 1484 2003 soliis.
1562 1929 1739 2015 Osinius,
1777 1952 1845 2003 no·

228 2050 321 2115 niis,
360 2027 397 2105 δι
430 2026 596 2099 decimus
632 2028 761 2101 itidem
790 2029 1041 2122 quinteriones
1075 2027 1175 2112 sinit,
1212 2027 1448 2112 undecimus,
1490 2025 1745 2139 &sequentes
1780 2048 1844 2101 us·

229 2146 302 2223 que
321 2123 379 2196 -ad
411 2123 595 2197 decimum
622 2124 764 2198 sextum
792 2126 930 2220 pariter
955 2124 1036 2200 sunt
1063 2125 1259 2220 quiiitcrni.
1319 2124 1512 2198 ‘Decimus
1534 2122 1706 2222 septimus
1725 2124 1845 2212 idstet-

217 2243 301 2315 ‚nus
326 2219 414 2294 eliz*
437 2222 654 2316 quinternus
683 2244 772 2296 vero
803 2224 968 2296 decimus
995 2223 1157 2297 oslavus.
1228 2221 1404 2297 Decimus
1429 2242 1549 2296 nonus
1580 2223 1749 2297 undecim
1777 2220 1843 2294 lia·

230 2318 297 2395 bet
327 2318 428 2393 solia.
517 2317 722 2413 Vigelimus
758 2320 797 2396 dt
828 2318 1018 2415 sequentes
1047 2314 1241 2417 usquead
1273 2318 1487 2416 vigesimum
1519 2321 1688 2417 quintum
1717 2318 1847 2393 itidem

104 2458 107 2463 -
233 2417 423 2517 quintcrni·
447 2415 547 2502 sunt,
580 2414 756 2510 siquidem
778 2416 909 2493 solium
929 2418 1089 2493 fasciculi
1113 2416 1275 2512 vigefimi
1305 2419 1414 2513 primi
1444 2418 1616 2491 ultimum
1647 2416 1746 2509 q'uod
1783 2420 1856 2488 va·'

232 2536 343 2589 cuum
378 2512 450 2598 eli,
487 2514 525 2588 dt
549 2513 765 2588 Psalterium
796 2537 817 2586 a
843 2515 1053 2591 Proverbiis
1077 2515 1287 2589 Salomonis
1315 2513 1480 2596 dividit,¹
1511 2512 1752 2585 adnumerare
1778 2513 1856 2585 lin-¹

258 2608 357 2685 tellis
378 2610 479 2686 foliis
503 2609 637 2684 lubeat.
715 2608 920 2706 vigesimus
944 2612 1085 2698 sextus,
1114 2612 1307 2708 septimus,
1349 2609 1387 2687 dt
1412 2608 1561 2683 oslavus
1585 2609 1848 2705 quaterniones

274 2723 334 2783 nt:
362 2708 640 2803 quinterniones
665 2730 775 2783 vero:
818 2707 1013 2804 vigesimus
1040 2732 1179 2794 nonus,
1205 2708 1244 2784 dt
1267 2706 1458 2803 sequentes
1480 2707 1665 2801 usquead
1690 2707 1847 2800 quadra·
1911 2762 1913 2768 r

235 2803 422 2904 gelimum.
472 2803 645 2881 Fasciculi
667 2807 741 2882 duo
768 2806 984 2902 posteriores
1010 2806 1167 2881 sexterni
1195 2807 1287 2879 sunt.
1337 2804 1452 2879 Foliis
1465 2804 1601 2898 igitur,
1627 2827 1701 2907 non
1721 2816 1850 2877 nume·

226 2905 350 2989 ratis,
379 2925 473 2999 opus
492 2903 678 2998 integrum
707 2903 846 2980 constat
869 2931 917 3001 40
949 2958 958 2989 ,
986 2902 1011 2978 si
1040 2905 1171 2981 solium
1191 2925 1349 2978 vacuum
1374 2901 1536 2976 Psalmos
1556 2903 1673 2986 inter,
1704 2902 1742 2978 dt
1759 2902 1850 2976 P'ro·

235 3002 363 3077 verbia
385 3000 632 3099 interceptum
658 3003 901 3078 adnumerare
918 2930 1065 3086 ⁴iubent,
1093 3002 1153 3076 vel
1179 3000 1250 3074 hoc
1277 3005 1351 3074 nori
1376 3008 1570 3073 numerato
1585 3024 1668 3169 q03.
1730 2998 1848 3073 Fasci-

236 3098 404 3175 culorum
430 3099 522 3172 ordo
544 3100 646 3175 idem
672 3100 815 3195 prorsus
841 3099 893 3176 est
917 3102 956 3175 in
978 3098 1202 3196 exemplari,
1237 3099 1336 3194 quod
1362 3096 1529 3172 describit
1560 3098 1616 3171 C.
1647 3097 1787 3172 Panzer
1812 3099 1856 3171 in²

235 3195 298 3273 sua
323 3195 535 3272 Notitia-de
560 3196 812 3296 antiquissimis
839 3200 1134 3293 germanicorum
1159 3195 1366 3271 Bibliorum
1381 3195 1625 3279 editionibus,
1653 3196 1722 3268 linc
1737 3194 1856 3270 solum*

237 3292 466 3380 discrimine,-
486 3293 622 3391 qnod,
663 3311 705 3372 ut
730 3297 770 3371 in
800 3298 1078 3370 enumeratione
1113 3294 1368 3366 fasciculorum
1406 3290 1627 3388 singulorum
1656 3290 1850 3376 adfirmat,

238 3391 430 3471 liil'ciculiis
454 3389 649 3487 vigesimus
677 3393 801 3469 sextus
824 3390 961 3484 septem
987 3403 1132 3479 tanturn
1153 3388 1253 3462 foliis
1277 3389 1425 3463 constet.
1477 3390 1615 3465 Verum
1639 3391 1677 3463 ni
1701 3388 1855 3463 saleim·-

237 3488 298 3564 lus
320 3487 386 3563 ille
408 3489 553 3584 integer
573 3487 617 3565 sit
640 3489 852 3584 quaternio,
880 3484 959 3560 otio
983 3482 1153 3561 constans
1181 3485 1281 3560 foliis
1309 3485 1501 3583 improlis,
1528 3486 1714 3584 exemplar
1738 3487 1783 3561 ab
1805 3511 1849 3560 eo

239 3585 461 3682 descriptum
478 3609 554 3660 non
597 3612 656 3682 03.
682 3598 726 3659 ut
748 3584 937 3672 adfirmat,
966 3583 1026 3659 sed
1061 3597 1206 3659 tantum
1237 3610 1319 3680 402.
1360 3585 1500 3658 constat
1527 3586 1627 3659 soliis
1657 3580 1851 3680 impressis,

241 3704 351 3778 atque
374 3684 466 3759 adeo
486 3611 659 3758 mutiium
677 3681 747 3758 else
771 3683 891 3771 debet.
957 3682 1029 3768 Qui
1050 3680 1272 3775 singuloriun
1299 3681 1551 3756 fasciculorum
1570 3683 1678 3767 solia,
1717 3697 1759 3757 ut
1782 3681 1853 3777 ipse

205 3870 211 3887 ι
239 3780 297 3857 Cl.
320 3780 507 3857 Panzerus
525 3803 569 3857 eii
589 3779 771 3875 adsignat,
800 3800 993 3857 numerare
1018 3779 1196 3864 voluerit,
1227 3802 1356 3854 iteruin
1373 3782 1411 3853 id
1431 3779 1499 3854 ell'e
1514 3781 1736 3877 comperiets
1780 3778 1852 3855 Ve-

103 3952 108 3961 ,
241 3901 325 3955 rum
347 3900 510 3955 errorem
533 3900 555 3951 a
579 3877 612 3953 se
635 3876 827 3955 admissum
862 3877 942 3976 ipse¹
964 3878 1022 3954 vir
1043 3875 1267 3953 Clarissimus
1291 3877 1413 3976 postea
1432 3879 1615 3965 advertit,
1652 3890 1696 3955 ut
1720 3878 1854 3954 litteris

245 3976 378 4053 adme
401 3975 499 4077 datis
525 3975 677 4053 testatus
698 3975 822 4071 est·¹
863 4012 870 4023 ·
913 3982 918 3993 '
1392 4020 1395 4031 ·

342 4129 484 4227 Pagina
507 4129 681 4225 quaelibet
703 4130 742 4205 iii
765 4130 858 4206 duas
880 4130 1114 4209 ditium-est
1136 4132 1337 4210 columnas.
1389 4132 1571 4209 Columna
1595 4133 1737 4228 quaevis
1761 4133 1855 4206 inte·-

243 4253 311 4327 gra
331 4230 449 4304 lineas
474 4226 726 4324 complestitur
752 4236 809 4309 60.
871 4228 1149 4308 Distinsiionum
1176 4231 1275 4405 [ιᾶηα
1299 4232 1371 4306 alia
1395 4256 1468 4307 non
1496 4242 1711 4315 occurrunt,
1745 4252 1856 4327 quarn

244 4325 377 4429 punita
403 4325 441 4402 dt
468 4324 583 4410 Cela,
603 4324 670 4401 seu
692 4325 765 4405 duo
789 4325 931 4427 punita.
1006 4327 1090 4405 Post
1117 4354 1191 4426 pun
1225 4354 1289 4405 uni
1312 4330 1526 4427 plerumque
1550 4329 1675 4405 littera
1696 4331 1856 4405 occurrit

245 4423 374 4522 major.
435 4420 580 4503 Vocum
601 4423 883 4507 abbreviationes
905 4424 1079 4521 exiguam
1104 4426 1309 4522 legentibus
1332 4426 1535 4503 molestiam
1556 4439 1701 4513 creant,
1726 4442 1856 4521 utpote

247 4546 323 4597 non
343 4520 545 4597 admodum
571 4520 802 4616 frequentes,
827 4521 851 4596 li
878 4531 918 4600 b·
934 4523 1048 4599 scilcb
1065 4548 1149 4601 cuni
1172 4525 1303 4620 punito
1327 4550 1372 4600 ex
1399 4525 1578 4623 superiore
1598 4538 1704 4622 parte
1725 4526 1857 4599 dextra

112 4622 116 4629 '
247 4618 329 4693 loco
356 4627 419 4699 bec
441 4615 630 4721 scriptum,
665 4617 902 4719 &syllabam
924 4645 985 4709 eii,
1024 4621 1085 4698 vel
1104 4625 1269 4699 etiamn
1294 4614 1499 4701 solitarium
1523 4622 1620 4703 linea
1651 4620 1857 4792 transqprla

1716 4740 1755 4791 in
1794 4756 1812 4778 ·
