<?xml version="1.0" encoding="UTF-8"?>
<!DOCTYPE html PUBLIC "-//W3C//DTD XHTML 1.0 Transitional//EN"
    "http://www.w3.org/TR/xhtml1/DTD/xhtml1-transitional.dtd">
<html xmlns="http://www.w3.org/1999/xhtml" xml:lang="en" lang="en">
 <head>
  <title>
</title>
<meta http-equiv="Content-Type" content="text/html;charset=utf-8" />
  <meta name='ocr-system' content='tesseract 3.04.00' />
  <meta name='ocr-capabilities' content='ocr_page ocr_carea ocr_par ocr_line ocrx_word'/>
</head>
<body>
  <div class='ocr_page' id='page_1' title='image "./bibliothecacade00biblgoog_0541.png"; bbox 0 0 3922 5176; ppageno 0'>
   <div class='ocr_carea' id='block_1_1' title="bbox 219 281 1193 422">
    <p class='ocr_par' dir='ltr' id='par_1_1' title="bbox 103 281 1193 422">
     <span class='ocr_line' id='line_1_1' title="bbox 219 281 1193 422; baseline -0.003 -13.319"><span class='ocrx_word' id='word_1_1' title='bbox 219 325 299 422; x_wconf 70' lang='lat'>1538</span> <span class='ocrx_word' id='word_1_2' title='bbox 440 352 451 361; x_wconf 73' lang='lat'><em>-</em></span> <span class='ocrx_word' id='word_1_3' title='bbox 873 281 1193 406; x_wconf 63' lang='lat' dir='ltr'>ss</span> 
     </span>
    </p>
   </div>
   <div class='ocr_carea' id='block_1_2' title="bbox 195 487 1893 1472">
    <p class='ocr_par' dir='ltr' id='par_1_2' title="bbox 195 487 1893 1472">
     <span class='ocr_line' id='line_1_2' title="bbox 201 487 1848 590; baseline -0.003 -13"><span class='ocrx_word' id='word_1_4' title='bbox 201 504 358 577; x_wconf 89' lang='lat' dir='ltr'>duobus</span> <span class='ocrx_word' id='word_1_5' title='bbox 380 497 601 575; x_wconf 74' lang='lat' dir='ltr'>hexametris</span> <span class='ocrx_word' id='word_1_6' title='bbox 625 489 801 569; x_wconf 85' lang='lat' dir='ltr'>constant:</span> <span class='ocrx_word' id='word_1_7' title='bbox 828 490 1097 569; x_wconf 76' lang='lat' dir='ltr'>Commentario</span> <span class='ocrx_word' id='word_1_8' title='bbox 1117 513 1201 566; x_wconf 88' lang='lat' dir='ltr'>vero</span> <span class='ocrx_word' id='word_1_9' title='bbox 1223 487 1386 568; x_wconf 83' lang='lat' dir='ltr'>tlisitlima</span> <span class='ocrx_word' id='word_1_10' title='bbox 1412 488 1502 567; x_wconf 89' lang='lat' dir='ltr'>sunt.</span> <span class='ocrx_word' id='word_1_11' title='bbox 1554 491 1663 590; x_wconf 85' lang='lat' dir='ltr'>Operi</span> <span class='ocrx_word' id='word_1_12' title='bbox 1686 491 1848 574; x_wconf 72' lang='lat' dir='ltr'>umus.</span> 
     </span>
     <span class='ocr_line' id='line_1_3' title="bbox 223 587 1849 759; baseline -0.007 -84"><span class='ocrx_word' id='word_1_13' title='bbox 223 600 422 680; x_wconf 79' lang='lat' dir='ltr'><em>Cornutus,</em></span> <span class='ocrx_word' id='word_1_14' title='bbox 477 594 669 666; x_wconf 80' lang='lat' dir='ltr'>secundum</span> <span class='ocrx_word' id='word_1_15' title='bbox 703 591 882 665; x_wconf 73' lang='lat' dir='ltr'>authorem</span> <span class='ocrx_word' id='word_1_16' title='bbox 918 589 1135 687; x_wconf 84' lang='lat' dir='ltr'>praefationis</span> <span class='ocrx_word' id='word_1_17' title='bbox 1172 587 1223 662; x_wconf 85' lang='lat' dir='ltr'>est</span> <span class='ocrx_word' id='word_1_18' title='bbox 1257 590 1415 676; x_wconf 88' lang='lat' dir='ltr'>inditus,</span> <span class='ocrx_word' id='word_1_19' title='bbox 1457 589 1650 759; x_wconf 64' lang='lat' dir='ltr'>quiescat</span> <span class='ocrx_word' id='word_1_20' title='bbox 1681 591 1849 664; x_wconf 81' lang='lat' dir='ltr'>animalia</span> 
     </span>
     <span class='ocr_line' id='line_1_4' title="bbox 219 683 1846 788; baseline -0.005 -18"><span class='ocrx_word' id='word_1_21' title='bbox 219 690 349 772; x_wconf 79' lang='lat' dir='ltr'>tactus</span> <span class='ocrx_word' id='word_1_22' title='bbox 385 687 546 766; x_wconf 80' lang='lat' dir='ltr'>coritulnii</span> <span class='ocrx_word' id='word_1_23' title='bbox 573 688 610 784; x_wconf 78' lang='lat' dir='ltr'>se</span> <span class='ocrx_word' id='word_1_24' title='bbox 638 686 828 782; x_wconf 75' lang='lat' dir='ltr'>defendunt.</span> <span class='ocrx_word' id='word_1_25' title='bbox 863 688 914 788; x_wconf 82' lang='lat' dir='ltr'>stc</span> <span class='ocrx_word' id='word_1_26' title='bbox 938 697 1035 759; x_wconf 85' lang='lat' dir='ltr'>autor</span> <span class='ocrx_word' id='word_1_27' title='bbox 1057 684 1111 784; x_wconf 76' lang='lat' dir='ltr'>isle</span> <span class='ocrx_word' id='word_1_28' title='bbox 1131 688 1289 782; x_wconf 77' lang='lat' dir='ltr'><em>exprimit</em></span> <span class='ocrx_word' id='word_1_29' title='bbox 1311 688 1520 760; x_wconf 85' lang='lat' dir='ltr'>intentionem</span> <span class='ocrx_word' id='word_1_30' title='bbox 1568 683 1670 760; x_wconf 82' lang='lat' dir='ltr'>uolui</span> <span class='ocrx_word' id='word_1_31' title='bbox 1692 684 1846 786; x_wconf 82' lang='lat' dir='ltr'>uerstbus.</span> 
     </span>
     <span class='ocr_line' id='line_1_5' title="bbox 220 782 1852 891; baseline -0.008 -21"><span class='ocrx_word' id='word_1_32' title='bbox 220 788 429 891; x_wconf 74' lang='lat' dir='ltr'>impressum</span> <span class='ocrx_word' id='word_1_33' title='bbox 447 787 495 863; x_wconf 83' lang='lat' dir='ltr'>est</span> <span class='ocrx_word' id='word_1_34' title='bbox 512 811 602 883; x_wconf 80' lang='lat' dir='ltr'>ppos</span> <span class='ocrx_word' id='word_1_35' title='bbox 629 785 828 861; x_wconf 61' lang='lat' dir='ltr'>charactere</span> <span class='ocrx_word' id='word_1_36' title='bbox 852 785 999 881; x_wconf 89' lang='lat' dir='ltr'>gothico</span> <span class='ocrx_word' id='word_1_37' title='bbox 1030 782 1145 858; x_wconf 85' lang='lat' dir='ltr'>firmae</span> <span class='ocrx_word' id='word_1_38' title='bbox 1167 784 1362 858; x_wconf 86' lang='lat' dir='ltr'>admodum</span> <span class='ocrx_word' id='word_1_39' title='bbox 1384 785 1528 858; x_wconf 85' lang='lat' dir='ltr'>chartae.</span> <span class='ocrx_word' id='word_1_40' title='bbox 1581 784 1760 859; x_wconf 85' lang='lat' dir='ltr'>Foliorum</span> <span class='ocrx_word' id='word_1_41' title='bbox 1780 809 1852 858; x_wconf 84' lang='lat' dir='ltr'>nu·</span> 
     </span>
     <span class='ocr_line' id='line_1_6' title="bbox 195 881 1852 982; baseline -0.005 -17"><span class='ocrx_word' id='word_1_42' title='bbox 195 912 345 967; x_wconf 77' lang='lat' dir='ltr'>,meros</span> <span class='ocrx_word' id='word_1_43' title='bbox 369 889 408 962; x_wconf 92' lang='lat' dir='ltr'>in</span> <span class='ocrx_word' id='word_1_44' title='bbox 430 885 593 982; x_wconf 78' lang='lat' dir='ltr'>superiori</span> <span class='ocrx_word' id='word_1_45' title='bbox 613 883 775 976; x_wconf 86' lang='lat' dir='ltr'>margine</span> <span class='ocrx_word' id='word_1_46' title='bbox 795 883 979 977; x_wconf 88' lang='lat' dir='ltr'>utriusque</span> <span class='ocrx_word' id='word_1_47' title='bbox 999 881 1139 976; x_wconf 88' lang='lat' dir='ltr'>paginae</span> <span class='ocrx_word' id='word_1_48' title='bbox 1161 881 1407 979; x_wconf 69' lang='lat' dir='ltr'>typographus</span> <span class='ocrx_word' id='word_1_49' title='bbox 1428 881 1511 955; x_wconf 93' lang='lat' dir='ltr'>inde</span> <span class='ocrx_word' id='word_1_50' title='bbox 1532 906 1554 957; x_wconf 90' lang='lat' dir='ltr'>a</span> <span class='ocrx_word' id='word_1_51' title='bbox 1573 881 1656 955; x_wconf 91' lang='lat' dir='ltr'>solio</span> <span class='ocrx_word' id='word_1_52' title='bbox 1678 882 1852 967; x_wconf 85' lang='lat' dir='ltr'>secundo.</span> 
     </span>
     <span class='ocr_line' id='line_1_7' title="bbox 222 974 1852 1093; baseline -0.007 -30"><span class='ocrx_word' id='word_1_53' title='bbox 222 987 321 1086; x_wconf 88' lang='lat' dir='ltr'>quod</span> <span class='ocrx_word' id='word_1_54' title='bbox 343 981 476 1061; x_wconf 84' lang='lat' dir='ltr'>Folium</span> <span class='ocrx_word' id='word_1_55' title='bbox 501 984 646 1093; x_wconf 67' lang='lat' dir='ltr'>priunum</span> <span class='ocrx_word' id='word_1_56' title='bbox 676 979 891 1076; x_wconf 87' lang='lat' dir='ltr'>adpellatur.</span> <span class='ocrx_word' id='word_1_57' title='bbox 921 979 1050 1072; x_wconf 89' lang='lat' dir='ltr'>ubique</span> <span class='ocrx_word' id='word_1_58' title='bbox 1084 977 1232 1074; x_wconf 83' lang='lat' dir='ltr'>adjecit,</span> <span class='ocrx_word' id='word_1_59' title='bbox 1261 979 1300 1055; x_wconf 85' lang='lat' dir='ltr'>de</span> <span class='ocrx_word' id='word_1_60' title='bbox 1319 980 1469 1076; x_wconf 79' lang='lat' dir='ltr'><strong>paginas</strong></span> <span class='ocrx_word' id='word_1_61' title='bbox 1499 977 1648 1073; x_wconf 86' lang='lat' dir='ltr'>signavit</span> <span class='ocrx_word' id='word_1_62' title='bbox 1671 979 1783 1054; x_wconf 87' lang='lat' dir='ltr'>literis</span> <span class='ocrx_word' id='word_1_63' title='bbox 1811 974 1852 1052; x_wconf 82' lang='lat' dir='ltr'><strong>A</strong></span> 
     </span>
     <span class='ocr_line' id='line_1_8' title="bbox 223 1076 1851 1177; baseline -0.004 -19"><span class='ocrx_word' id='word_1_64' title='bbox 223 1122 274 1143; x_wconf 92' lang='lat'>-</span> <span class='ocrx_word' id='word_1_65' title='bbox 297 1083 347 1158; x_wconf 91' lang='lat' dir='ltr'>H.</span> <span class='ocrx_word' id='word_1_66' title='bbox 398 1082 439 1156; x_wconf 93' lang='lat' dir='ltr'>In</span> <span class='ocrx_word' id='word_1_67' title='bbox 459 1101 573 1177; x_wconf 90' lang='lat' dir='ltr'>prima</span> <span class='ocrx_word' id='word_1_68' title='bbox 597 1079 725 1174; x_wconf 82' lang='lat' dir='ltr'>pagina</span> <span class='ocrx_word' id='word_1_69' title='bbox 747 1077 820 1152; x_wconf 89' lang='lat' dir='ltr'>solii</span> <span class='ocrx_word' id='word_1_70' title='bbox 839 1076 952 1151; x_wconf 75' lang='lat' dir='ltr'>citavi</span> <span class='ocrx_word' id='word_1_71' title='bbox 982 1076 1222 1169; x_wconf 88' lang='lat' dir='ltr'>quaternionis</span> <span class='ocrx_word' id='word_1_72' title='bbox 1241 1076 1279 1151; x_wconf 88' lang='lat' dir='ltr'><em>H</em></span> <span class='ocrx_word' id='word_1_73' title='bbox 1303 1098 1393 1172; x_wconf 91' lang='lat' dir='ltr'>opus</span> <span class='ocrx_word' id='word_1_74' title='bbox 1416 1076 1642 1161; x_wconf 90' lang='lat' dir='ltr'>terminatur,</span> <span class='ocrx_word' id='word_1_75' title='bbox 1670 1076 1708 1152; x_wconf 84' lang='lat' dir='ltr'>di</span> <span class='ocrx_word' id='word_1_76' title='bbox 1728 1078 1765 1149; x_wconf 93' lang='lat' dir='ltr'>in</span> <span class='ocrx_word' id='word_1_77' title='bbox 1785 1100 1851 1152; x_wconf 89' lang='lat' dir='ltr'>ea·</span> 
     </span>
     <span class='ocr_line' id='line_1_9' title="bbox 226 1170 1852 1274; baseline -0.006 -17"><span class='ocrx_word' id='word_1_78' title='bbox 226 1181 311 1257; x_wconf 86' lang='lat' dir='ltr'>dem</span> <span class='ocrx_word' id='word_1_79' title='bbox 333 1178 482 1274; x_wconf 89' lang='lat' dir='ltr'>sequens</span> <span class='ocrx_word' id='word_1_80' title='bbox 511 1177 638 1269; x_wconf 87' lang='lat' dir='ltr'>legitur</span> <span class='ocrx_word' id='word_1_81' title='bbox 671 1171 888 1271; x_wconf 83' lang='lat' dir='ltr'><strong>subscriptio:</strong></span> <span class='ocrx_word' id='word_1_82' title='bbox 930 1170 1097 1269; x_wconf 78' lang='lat' dir='ltr'>Expestta</span> <span class='ocrx_word' id='word_1_83' title='bbox 1130 1173 1249 1274; x_wconf 77' lang='lat' dir='ltr'>dissicip‘</span> <span class='ocrx_word' id='word_1_84' title='bbox 1272 1174 1352 1247; x_wconf 91' lang='lat' dir='ltr'>noui</span> <span class='ocrx_word' id='word_1_85' title='bbox 1373 1198 1431 1246; x_wconf 89' lang='lat' dir='ltr'>nec</span> <span class='ocrx_word' id='word_1_86' title='bbox 1461 1182 1504 1248; x_wconf 76' lang='lat' dir='ltr'>nd</span> <span class='ocrx_word' id='word_1_87' title='bbox 1533 1174 1664 1269; x_wconf 77' lang='lat' dir='ltr'>antiqui</span> <span class='ocrx_word' id='word_1_88' title='bbox 1686 1172 1852 1273; x_wconf 78' lang='lat' dir='ltr'>Magistri</span> 
     </span>
     <span class='ocr_line' id='line_1_10' title="bbox 225 1266 1853 1383; baseline -0.005 -33"><span class='ocrx_word' id='word_1_89' title='bbox 225 1275 383 1383; x_wconf 58' lang='lat' dir='ltr'>joannis</span> <span class='ocrx_word' id='word_1_90' title='bbox 405 1274 445 1347; x_wconf 84' lang='lat' dir='ltr'>de</span> <span class='ocrx_word' id='word_1_91' title='bbox 471 1269 664 1346; x_wconf 76' lang='lat' dir='ltr'>Garlddria</span> <span class='ocrx_word' id='word_1_92' title='bbox 698 1297 770 1343; x_wconf 85' lang='lat' dir='ltr'>cuin</span> <span class='ocrx_word' id='word_1_93' title='bbox 792 1269 975 1368; x_wconf 71' lang='lat' dir='ltr'>sententiis.</span> <span class='ocrx_word' id='word_1_94' title='bbox 1063 1266 1194 1344; x_wconf 78' lang='lat' dir='ltr'>l&#39;cxtuii</span> <span class='ocrx_word' id='word_1_95' title='bbox 1222 1296 1258 1345; x_wconf 87' lang='lat' dir='ltr'>ac</span> <span class='ocrx_word' id='word_1_96' title='bbox 1281 1269 1395 1345; x_wconf 82' lang='lat' dir='ltr'>lucida</span> <span class='ocrx_word' id='word_1_97' title='bbox 1429 1271 1632 1364; x_wconf 85' lang='lat' dir='ltr'>terminaru3</span> <span class='ocrx_word' id='word_1_98' title='bbox 1660 1269 1853 1344; x_wconf 71' lang='lat' dir='ltr'>declaratae</span> 
     </span>
     <span class='ocr_line' id='line_1_11' title="bbox 199 1362 1893 1472; baseline -0.007 -20"><span class='ocrx_word' id='word_1_99' title='bbox 199 1432 202 1439; x_wconf 85' lang='lat'><em>-</em></span> <span class='ocrx_word' id='word_1_100' title='bbox 226 1400 272 1452; x_wconf 83' lang='lat' dir='ltr'>ex</span> <span class='ocrx_word' id='word_1_101' title='bbox 299 1362 345 1471; x_wconf 59' lang='lat' dir='ltr'>q}</span> <span class='ocrx_word' id='word_1_102' title='bbox 370 1367 525 1472; x_wconf 85' lang='lat' dir='ltr'>pluribus</span> <span class='ocrx_word' id='word_1_103' title='bbox 546 1365 718 1443; x_wconf 79' lang='lat' dir='ltr'>autoribus</span> <span class='ocrx_word' id='word_1_104' title='bbox 737 1367 879 1442; x_wconf 85' lang='lat' dir='ltr'>breuiter</span> <span class='ocrx_word' id='word_1_105' title='bbox 905 1389 918 1444; x_wconf 84' lang='lat' dir='ltr'>i</span> <span class='ocrx_word' id='word_1_106' title='bbox 939 1366 1039 1461; x_wconf 90' lang='lat' dir='ltr'>plane</span> <span class='ocrx_word' id='word_1_107' title='bbox 1057 1367 1198 1444; x_wconf 80' lang='lat' dir='ltr'>cultellis</span> <span class='ocrx_word' id='word_1_108' title='bbox 1220 1366 1376 1468; x_wconf 69' lang='lat' dir='ltr'>impressa</span> <span class='ocrx_word' id='word_1_109' title='bbox 1396 1366 1559 1464; x_wconf 88' lang='lat' dir='ltr'>imperiali</span> <span class='ocrx_word' id='word_1_110' title='bbox 1578 1368 1615 1440; x_wconf 91' lang='lat' dir='ltr'>in</span> <span class='ocrx_word' id='word_1_111' title='bbox 1637 1365 1758 1465; x_wconf 83' lang='lat' dir='ltr'>oppida</span> <span class='ocrx_word' id='word_1_112' title='bbox 1772 1367 1855 1442; x_wconf 84' lang='lat' dir='ltr'>Ha·</span> <span class='ocrx_word' id='word_1_113' title='bbox 1887 1368 1893 1375; x_wconf 85' lang='lat'>&#39;</span> 
     </span>
    </p>
   </div>
   <div class='ocr_carea' id='block_1_3' title="bbox 106 1462 1854 1572">
    <p class='ocr_par' dir='ltr' id='par_1_3' title="bbox 106 1462 1854 1572">
     <span class='ocr_line' id='line_1_12' title="bbox 106 1462 1854 1572; baseline -0.006 -23"><span class='ocrx_word' id='word_1_114' title='bbox 106 1542 111 1553; x_wconf 84' lang='lat'><em>,</em></span> <span class='ocrx_word' id='word_1_115' title='bbox 225 1497 359 1572; x_wconf 76' lang='lat' dir='ltr'>genuae.</span> <span class='ocrx_word' id='word_1_116' title='bbox 384 1466 628 1568; x_wconf 28' lang='lat' dir='ltr'>per‘Heinricii</span> <span class='ocrx_word' id='word_1_117' title='bbox 652 1462 752 1538; x_wconf 84' lang='lat' dir='ltr'>Gran</span> <span class='ocrx_word' id='word_1_118' title='bbox 777 1469 848 1538; x_wconf 85' lang='lat' dir='ltr'>ciui</span> <span class='ocrx_word' id='word_1_119' title='bbox 870 1463 1001 1561; x_wconf 78' lang='lat' dir='ltr'>eiusde3</span> <span class='ocrx_word' id='word_1_120' title='bbox 1022 1464 1126 1561; x_wconf 79' lang='lat' dir='ltr'>opidi.</span> <span class='ocrx_word' id='word_1_121' title='bbox 1182 1463 1252 1542; x_wconf 81' lang='lat' dir='ltr'>Sat</span> <span class='ocrx_word' id='word_1_122' title='bbox 1277 1490 1365 1539; x_wconf 84' lang='lat' dir='ltr'>enno</span> <span class='ocrx_word' id='word_1_123' title='bbox 1376 1462 1502 1562; x_wconf 90' lang='lat' dir='ltr'>salutis</span> <span class='ocrx_word' id='word_1_124' title='bbox 1528 1463 1718 1564; x_wconf 80' lang='lat' dir='ltr'>Millcfimo.</span> <span class='ocrx_word' id='word_1_125' title='bbox 1754 1463 1854 1563; x_wconf 78' lang='lat' dir='ltr'>Qua·</span> 
     </span>
    </p>
   </div>
   <div class='ocr_carea' id='block_1_4' title="bbox 227 1559 1859 2145">
    <p class='ocr_par' dir='ltr' id='par_1_4' title="bbox 227 1559 1859 2145">
     <span class='ocr_line' id='line_1_13' title="bbox 228 1559 1858 1732; baseline -0.005 -88"><span class='ocrx_word' id='word_1_126' title='bbox 228 1568 490 1666; x_wconf 84' lang='lat' dir='ltr'>dringcntcfima.</span> <span class='ocrx_word' id='word_1_127' title='bbox 520 1562 741 1660; x_wconf 80' lang='lat' dir='ltr'>Olluagefina</span> <span class='ocrx_word' id='word_1_128' title='bbox 763 1587 860 1637; x_wconf 88' lang='lat' dir='ltr'>nono.</span> <span class='ocrx_word' id='word_1_129' title='bbox 911 1559 1064 1635; x_wconf 83' lang='lat' dir='ltr'><strong>Accedit</strong></span> <span class='ocrx_word' id='word_1_130' title='bbox 1082 1561 1237 1732; x_wconf 63' lang='lat' dir='ltr'>Regplrii</span> <span class='ocrx_word' id='word_1_131' title='bbox 1257 1560 1457 1638; x_wconf 81' lang='lat' dir='ltr'>uocabulorii</span> <span class='ocrx_word' id='word_1_132' title='bbox 1482 1560 1624 1637; x_wconf 85' lang='lat' dir='ltr'>Cornuti</span> <span class='ocrx_word' id='word_1_133' title='bbox 1634 1562 1703 1638; x_wconf 84' lang='lat' dir='ltr'>dec.</span> <span class='ocrx_word' id='word_1_134' title='bbox 1724 1563 1858 1660; x_wconf 63' lang='lat' dir='ltr'>alphu7</span> 
     </span>
     <span class='ocr_line' id='line_1_14' title="bbox 227 1655 1856 1754; baseline -0.008 -9"><span class='ocrx_word' id='word_1_135' title='bbox 227 1668 388 1745; x_wconf 88' lang='lat' dir='ltr'>beticum</span> <span class='ocrx_word' id='word_1_136' title='bbox 410 1663 470 1737; x_wconf 86' lang='lat' dir='ltr'>sex</span> <span class='ocrx_word' id='word_1_137' title='bbox 489 1661 583 1734; x_wconf 89' lang='lat' dir='ltr'>soliis</span> <span class='ocrx_word' id='word_1_138' title='bbox 603 1659 704 1732; x_wconf 91' lang='lat' dir='ltr'>litera</span> <span class='ocrx_word' id='word_1_139' title='bbox 725 1661 736 1731; x_wconf 94' lang='lat' dir='ltr'>i</span> <span class='ocrx_word' id='word_1_140' title='bbox 763 1657 907 1754; x_wconf 86' lang='lat' dir='ltr'>signatis</span> <span class='ocrx_word' id='word_1_141' title='bbox 931 1682 1013 1732; x_wconf 90' lang='lat' dir='ltr'>coin</span> <span class='ocrx_word' id='word_1_142' title='bbox 1038 1658 1149 1734; x_wconf 90' lang='lat' dir='ltr'>rehen</span> <span class='ocrx_word' id='word_1_143' title='bbox 1163 1684 1234 1734; x_wconf 91' lang='lat' dir='ltr'>um.</span> <span class='ocrx_word' id='word_1_144' title='bbox 1288 1661 1344 1734; x_wconf 90' lang='lat' dir='ltr'>De</span> <span class='ocrx_word' id='word_1_145' title='bbox 1366 1658 1524 1747; x_wconf 78' lang='lat' dir='ltr'>euitare.</span> <span class='ocrx_word' id='word_1_146' title='bbox 1550 1661 1694 1734; x_wconf 87' lang='lat' dir='ltr'>natione</span> <span class='ocrx_word' id='word_1_147' title='bbox 1708 1655 1856 1754; x_wconf 83' lang='lat' dir='ltr'>Angla.</span> 
     </span>
     <span class='ocr_line' id='line_1_15' title="bbox 229 1681 1856 1862; baseline -0.003 -26"><span class='ocrx_word' id='word_1_148' title='bbox 229 1765 290 1862; x_wconf 92' lang='lat' dir='ltr'>qui</span> <span class='ocrx_word' id='word_1_149' title='bbox 315 1760 432 1837; x_wconf 87' lang='lat' dir='ltr'>floruit</span> <span class='ocrx_word' id='word_1_150' title='bbox 463 1756 606 1831; x_wconf 88' lang='lat' dir='ltr'>Saeculo</span> <span class='ocrx_word' id='word_1_151' title='bbox 623 1754 693 1838; x_wconf 87' lang='lat' dir='ltr'>Xl,</span> <span class='ocrx_word' id='word_1_152' title='bbox 729 1757 824 1830; x_wconf 88' lang='lat' dir='ltr'>cons.</span> <span class='ocrx_word' id='word_1_153' title='bbox 846 1755 975 1830; x_wconf 91' lang='lat' dir='ltr'>Oudin.</span> <span class='ocrx_word' id='word_1_154' title='bbox 1004 1681 1108 1830; x_wconf 60' lang='lat' dir='ltr'>iam.</span> <span class='ocrx_word' id='word_1_155' title='bbox 1127 1756 1169 1830; x_wconf 88' lang='lat'>11.</span> <span class='ocrx_word' id='word_1_156' title='bbox 1197 1758 1276 1832; x_wconf 87' lang='lat' dir='ltr'>Col.</span> <span class='ocrx_word' id='word_1_157' title='bbox 1293 1762 1375 1850; x_wconf 81' lang='lat' dir='ltr'>hoo.</span> <span class='ocrx_word' id='word_1_158' title='bbox 1397 1754 1489 1852; x_wconf 83' lang='lat' dir='ltr'><strong>seqq.</strong></span> <span class='ocrx_word' id='word_1_159' title='bbox 1538 1757 1742 1831; x_wconf 85' lang='lat' dir='ltr'>Editionem</span> <span class='ocrx_word' id='word_1_160' title='bbox 1759 1757 1856 1831; x_wconf 88' lang='lat' dir='ltr'>hanc</span> 
     </span>
     <span class='ocr_line' id='line_1_16' title="bbox 230 1852 1857 1960; baseline -0.005 -24"><span class='ocrx_word' id='word_1_161' title='bbox 230 1859 307 1960; x_wconf 87' lang='lat' dir='ltr'>post</span> <span class='ocrx_word' id='word_1_162' title='bbox 329 1854 579 1936; x_wconf 74' lang='lat' dir='ltr'>martaniam,</span> <span class='ocrx_word' id='word_1_163' title='bbox 610 1853 668 1925; x_wconf 90' lang='lat' dir='ltr'>cui</span> <span class='ocrx_word' id='word_1_164' title='bbox 701 1853 1065 1948; x_wconf 86' lang='lat' dir='ltr'>tamen-typographi</span> <span class='ocrx_word' id='word_1_165' title='bbox 1089 1877 1221 1927; x_wconf 88' lang='lat' dir='ltr'>nomen</span> <span class='ocrx_word' id='word_1_166' title='bbox 1248 1855 1469 1947; x_wconf 88' lang='lat' dir='ltr'>incognitum</span> <span class='ocrx_word' id='word_1_167' title='bbox 1490 1852 1586 1927; x_wconf 85' lang='lat' dir='ltr'>fuisse</span> <span class='ocrx_word' id='word_1_168' title='bbox 1609 1854 1765 1937; x_wconf 84' lang='lat' dir='ltr'>videtur,</span> <span class='ocrx_word' id='word_1_169' title='bbox 1791 1879 1857 1928; x_wconf 88' lang='lat' dir='ltr'>ex·</span> 
     </span>
     <span class='ocr_line' id='line_1_17' title="bbox 231 1949 1855 2046; baseline -0.007 -13"><span class='ocrx_word' id='word_1_170' title='bbox 231 1956 357 2034; x_wconf 84' lang='lat' dir='ltr'>citavit</span> <span class='ocrx_word' id='word_1_171' title='bbox 378 1955 487 2028; x_wconf 88' lang='lat' dir='ltr'>etiam</span> <span class='ocrx_word' id='word_1_172' title='bbox 511 1949 725 2043; x_wconf 87' lang='lat' dir='ltr'>Weislingei</span> <span class='ocrx_word' id='word_1_173' title='bbox 754 1950 791 2023; x_wconf 92' lang='lat' dir='ltr'>in</span> <span class='ocrx_word' id='word_1_174' title='bbox 821 1949 1073 2023; x_wconf 81' lang='lat' dir='ltr'>Aiiaainentar.</span> <span class='ocrx_word' id='word_1_175' title='bbox 1106 1949 1287 2027; x_wconf 82' lang='lat' dir='ltr'>Catholico.</span> <span class='ocrx_word' id='word_1_176' title='bbox 1319 1972 1399 2046; x_wconf 85' lang='lat' dir='ltr'>pag.</span> <span class='ocrx_word' id='word_1_177' title='bbox 1422 1977 1503 2046; x_wconf 85' lang='lat'><strong>504.</strong></span> <span class='ocrx_word' id='word_1_178' title='bbox 1535 1952 1595 2046; x_wconf 93' lang='lat' dir='ltr'>qui</span> <span class='ocrx_word' id='word_1_179' title='bbox 1624 1976 1646 2023; x_wconf 91' lang='lat' dir='ltr'>o</span> <span class='ocrx_word' id='word_1_180' title='bbox 1671 1973 1712 2022; x_wconf 90' lang='lat' dir='ltr'>us</span> <span class='ocrx_word' id='word_1_181' title='bbox 1743 1949 1855 2035; x_wconf 75' lang='lat' dir='ltr'>istud;</span> 
     </span>
     <span class='ocr_line' id='line_1_18' title="bbox 231 1974 1859 2145; baseline -0.007 -15"><span class='ocrx_word' id='word_1_182' title='bbox 231 2053 348 2129; x_wconf 89' lang='lat' dir='ltr'>nescio</span> <span class='ocrx_word' id='word_1_183' title='bbox 373 2070 444 2145; x_wconf 89' lang='lat' dir='ltr'>qua</span> <span class='ocrx_word' id='word_1_184' title='bbox 469 2047 514 2121; x_wconf 92' lang='lat' dir='ltr'>de</span> <span class='ocrx_word' id='word_1_185' title='bbox 538 2047 659 2134; x_wconf 88' lang='lat' dir='ltr'>causa,</span> <span class='ocrx_word' id='word_1_186' title='bbox 684 2048 955 2141; x_wconf 87' lang='lat' dir='ltr'>grammaticam</span> <span class='ocrx_word' id='word_1_187' title='bbox 973 2046 1140 2140; x_wconf 86' lang='lat' dir='ltr'>adp‘ellat.</span> <span class='ocrx_word' id='word_1_188' title='bbox 1190 2050 1361 2122; x_wconf 88' lang='lat' dir='ltr'>Ceterum</span> <span class='ocrx_word' id='word_1_189' title='bbox 1379 2047 1455 2120; x_wconf 86' lang='lat' dir='ltr'>stilo</span> <span class='ocrx_word' id='word_1_190' title='bbox 1468 2047 1573 2122; x_wconf 81' lang='lat' dir='ltr'>valde</span> <span class='ocrx_word' id='word_1_191' title='bbox 1593 1974 1738 2121; x_wconf 59' lang='lat' dir='ltr'>obhuro</span> <span class='ocrx_word' id='word_1_192' title='bbox 1753 2047 1859 2142; x_wconf 80' lang='lat' dir='ltr'>scrip‹</span> 
     </span>
    </p>
   </div>
   <div class='ocr_carea' id='block_1_5' title="bbox 138 2142 1860 2323">
    <p class='ocr_par' dir='ltr' id='par_1_5' title="bbox 138 2142 1860 2323">
     <span class='ocr_line' id='line_1_19' title="bbox 233 2142 1860 2243; baseline -0.004 -17"><span class='ocrx_word' id='word_1_193' title='bbox 233 2164 273 2226; x_wconf 90' lang='lat' dir='ltr'>ta</span> <span class='ocrx_word' id='word_1_194' title='bbox 296 2149 375 2223; x_wconf 91' lang='lat' dir='ltr'>sunt</span> <span class='ocrx_word' id='word_1_195' title='bbox 398 2146 479 2220; x_wconf 90' lang='lat' dir='ltr'>haec</span> <span class='ocrx_word' id='word_1_196' title='bbox 504 2145 669 2220; x_wconf 87' lang='lat' dir='ltr'>carmina.</span> <span class='ocrx_word' id='word_1_197' title='bbox 725 2142 821 2218; x_wconf 87' lang='lat' dir='ltr'>Hinc</span> <span class='ocrx_word' id='word_1_198' title='bbox 845 2145 1036 2240; x_wconf 85' lang='lat' dir='ltr'>interprete</span> <span class='ocrx_word' id='word_1_199' title='bbox 1058 2167 1148 2242; x_wconf 89' lang='lat' dir='ltr'>opus</span> <span class='ocrx_word' id='word_1_200' title='bbox 1169 2145 1285 2220; x_wconf 86' lang='lat' dir='ltr'>fuerat</span> <span class='ocrx_word' id='word_1_201' title='bbox 1303 2144 1466 2242; x_wconf 85' lang='lat' dir='ltr'>quamvls</span> <span class='ocrx_word' id='word_1_202' title='bbox 1488 2143 1548 2219; x_wconf 91' lang='lat' dir='ltr'>hic</span> <span class='ocrx_word' id='word_1_203' title='bbox 1570 2144 1713 2243; x_wconf 87' lang='lat' dir='ltr'>quidem</span> <span class='ocrx_word' id='word_1_204' title='bbox 1735 2144 1860 2240; x_wconf 85' lang='lat' dir='ltr'>passim</span> 
     </span>
     <span class='ocr_line' id='line_1_20' title="bbox 138 2237 1840 2323; baseline -0.004 0"><span class='ocrx_word' id='word_1_205' title='bbox 138 2250 141 2255; x_wconf 81' lang='grc'><strong>’</strong></span> <span class='ocrx_word' id='word_1_206' title='bbox 236 2245 352 2323; x_wconf 87' lang='lat' dir='ltr'>aliena</span> <span class='ocrx_word' id='word_1_207' title='bbox 372 2242 485 2319; x_wconf 89' lang='lat' dir='ltr'>multa</span> <span class='ocrx_word' id='word_1_208' title='bbox 500 2237 737 2317; x_wconf 83' lang='lat' dir='ltr'>immiscuerit.</span> <span class='ocrx_word' id='word_1_209' title='bbox 1822 2272 1840 2323; x_wconf 70' lang='lat' dir='ltr'>a</span> 
     </span>
    </p>
   </div>
   <div class='ocr_carea' id='block_1_6' title="bbox 235 2498 1856 2633">
    <p class='ocr_par' dir='ltr' id='par_1_6' title="bbox 235 2498 1856 2633">
     <span class='ocr_line' id='line_1_21' title="bbox 235 2498 1856 2633; baseline -0.002 -39"><span class='ocrx_word' id='word_1_210' title='bbox 235 2501 404 2594; x_wconf 84' lang='lat' dir='ltr'>Xlllll.</span> <span class='ocrx_word' id='word_1_211' title='bbox 453 2498 758 2633; x_wconf 76' lang='lat' dir='ltr'>Compendiuiu</span> <span class='ocrx_word' id='word_1_212' title='bbox 810 2499 1048 2618; x_wconf 78' lang='lat' dir='ltr'>theologice</span> <span class='ocrx_word' id='word_1_213' title='bbox 1100 2503 1302 2592; x_wconf 85' lang='lat' dir='ltr'>veritatis</span> <span class='ocrx_word' id='word_1_214' title='bbox 1354 2503 1530 2594; x_wconf 83' lang='lat' dir='ltr'>Thomu</span> <span class='ocrx_word' id='word_1_215' title='bbox 1582 2501 1856 2614; x_wconf 89' lang='lat' dir='ltr'>Doinibeig,</span> 
     </span>
    </p>
   </div>
   <div class='ocr_carea' id='block_1_7' title="bbox 354 2615 1856 2957">
    <p class='ocr_par' dir='ltr' id='par_1_7' title="bbox 354 2615 1856 2957">
     <span class='ocr_line' id='line_1_22' title="bbox 354 2615 1856 2727; baseline -0.001 -21"><span class='ocrx_word' id='word_1_216' title='bbox 354 2617 709 2727; x_wconf 84' lang='lat' dir='ltr'>Memmingensi,</span> <span class='ocrx_word' id='word_1_217' title='bbox 744 2617 923 2704; x_wconf 85' lang='lat' dir='ltr'>Attium</span> <span class='ocrx_word' id='word_1_218' title='bbox 947 2623 990 2704; x_wconf 71' lang='grc' dir='ltr'>ὅτ</span> <span class='ocrx_word' id='word_1_219' title='bbox 1023 2615 1313 2705; x_wconf 82' lang='lat' dir='ltr'>Decietoru‘m</span> <span class='ocrx_word' id='word_1_220' title='bbox 1354 2616 1576 2723; x_wconf 78' lang='lat' dir='ltr'>Dottoie,</span> <span class='ocrx_word' id='word_1_221' title='bbox 1607 2615 1856 2705; x_wconf 84' lang='lat' dir='ltr'>consulatus</span> 
     </span>
     <span class='ocr_line' id='line_1_23' title="bbox 354 2728 1853 2845; baseline 0.003 -31"><span class='ocrx_word' id='word_1_222' title='bbox 354 2729 561 2842; x_wconf 84' lang='lat' dir='ltr'>Spirensis</span> <span class='ocrx_word' id='word_1_223' title='bbox 588 2733 856 2832; x_wconf 83' lang='lat' dir='ltr'>Advocato,</span> <span class='ocrx_word' id='word_1_224' title='bbox 884 2733 957 2816; x_wconf 85' lang='lat' dir='ltr'>vel</span> <span class='ocrx_word' id='word_1_225' title='bbox 992 2728 1191 2832; x_wconf 75' lang='lat' dir='ltr'>auctore,</span> <span class='ocrx_word' id='word_1_226' title='bbox 1233 2734 1306 2819; x_wconf 86' lang='lat' dir='ltr'>vel</span> <span class='ocrx_word' id='word_1_227' title='bbox 1339 2733 1525 2829; x_wconf 82' lang='lat' dir='ltr'>editore.</span> <span class='ocrx_word' id='word_1_228' title='bbox 1606 2729 1853 2845; x_wconf 80' lang='lat' dir='ltr'>lmprell&#39;um</span> 
     </span>
     <span class='ocr_line' id='line_1_24' title="bbox 354 2841 1238 2957; baseline -0.001 -27"><span class='ocrx_word' id='word_1_229' title='bbox 354 2842 607 2953; x_wconf 83' lang='lat' dir='ltr'>Argentinae</span> <span class='ocrx_word' id='word_1_230' title='bbox 637 2843 972 2957; x_wconf 75' lang='lat' dir='ltr'>ann01489.iii</span> <span class='ocrx_word' id='word_1_231' title='bbox 1001 2841 1040 2930; x_wconf 86' lang='lat' dir='ltr'>F</span> <span class='ocrx_word' id='word_1_232' title='bbox 1044 2848 1103 2932; x_wconf 91' lang='lat' dir='ltr'>ol.</span> <span class='ocrx_word' id='word_1_233' title='bbox 1135 2847 1238 2931; x_wconf 87' lang='lat' dir='ltr'>min.</span> 
     </span>
    </p>
   </div>
   <div class='ocr_carea' id='block_1_8' title="bbox 217 3036 1942 4766">
    <p class='ocr_par' dir='ltr' id='par_1_8' title="bbox 217 3036 1926 3831">
     <span class='ocr_line' id='line_1_25' title="bbox 398 3036 1877 3151; baseline 0.002 -38"><span class='ocrx_word' id='word_1_234' title='bbox 398 3036 535 3122; x_wconf 85' lang='lat' dir='ltr'>Verba,</span> <span class='ocrx_word' id='word_1_235' title='bbox 565 3037 800 3151; x_wconf 84' lang='lat' dir='ltr'>Compendiuin</span> <span class='ocrx_word' id='word_1_236' title='bbox 823 3039 890 3115; x_wconf 86' lang='lat' dir='ltr'>dec.</span> <span class='ocrx_word' id='word_1_237' title='bbox 913 3040 1056 3134; x_wconf 91' lang='lat' dir='ltr'>gothico</span> <span class='ocrx_word' id='word_1_238' title='bbox 1081 3039 1281 3116; x_wconf 79' lang='lat' dir='ltr'>chaiaslere</span> <span class='ocrx_word' id='word_1_239' title='bbox 1305 3040 1498 3138; x_wconf 86' lang='lat' dir='ltr'>majusculo</span> <span class='ocrx_word' id='word_1_240' title='bbox 1521 3040 1679 3138; x_wconf 76' lang='lat' dir='ltr'>impressa</span> <span class='ocrx_word' id='word_1_241' title='bbox 1694 3041 1877 3138; x_wconf 83' lang='lat' dir='ltr'>leguntur-</span> 
     </span>
     <span class='ocr_line' id='line_1_26' title="bbox 240 3134 1877 3235; baseline -0.001 -24"><span class='ocrx_word' id='word_1_242' title='bbox 240 3138 278 3212; x_wconf 91' lang='lat' dir='ltr'>in</span> <span class='ocrx_word' id='word_1_243' title='bbox 311 3136 424 3233; x_wconf 90' lang='lat' dir='ltr'>prima</span> <span class='ocrx_word' id='word_1_244' title='bbox 450 3134 554 3230; x_wconf 87' lang='lat' dir='ltr'>primi</span> <span class='ocrx_word' id='word_1_245' title='bbox 576 3136 651 3210; x_wconf 91' lang='lat' dir='ltr'>solii</span> <span class='ocrx_word' id='word_1_246' title='bbox 671 3139 810 3233; x_wconf 88' lang='lat' dir='ltr'>pagina.</span> <span class='ocrx_word' id='word_1_247' title='bbox 861 3137 902 3210; x_wconf 93' lang='lat' dir='ltr'>In</span> <span class='ocrx_word' id='word_1_248' title='bbox 925 3138 1040 3214; x_wconf 90' lang='lat' dir='ltr'>sronte</span> <span class='ocrx_word' id='word_1_249' title='bbox 1053 3138 1178 3235; x_wconf 77' lang='lat' dir='ltr'>primae</span> <span class='ocrx_word' id='word_1_250' title='bbox 1199 3139 1377 3213; x_wconf 88' lang='lat' dir='ltr'>columnae</span> <span class='ocrx_word' id='word_1_251' title='bbox 1389 3139 1460 3213; x_wconf 88' lang='lat' dir='ltr'>solii</span> <span class='ocrx_word' id='word_1_252' title='bbox 1472 3138 1612 3214; x_wconf 92' lang='lat' dir='ltr'>secundi</span> <span class='ocrx_word' id='word_1_253' title='bbox 1638 3138 1763 3233; x_wconf 82' lang='lat' dir='ltr'>Incipit</span> <span class='ocrx_word' id='word_1_254' title='bbox 1775 3164 1877 3235; x_wconf 56' lang='lat' dir='ltr'>pia·⁴</span> 
     </span>
     <span class='ocr_line' id='line_1_27' title="bbox 239 3229 1888 3333; baseline 0.003 -26"><span class='ocrx_word' id='word_1_255' title='bbox 239 3234 337 3328; x_wconf 80' lang='lat' dir='ltr'>logui</span> <span class='ocrx_word' id='word_1_256' title='bbox 360 3235 395 3304; x_wconf 90' lang='lat' dir='ltr'>in</span> <span class='ocrx_word' id='word_1_257' title='bbox 417 3229 640 3329; x_wconf 81' lang='lat' dir='ltr'>conpendium</span> <span class='ocrx_word' id='word_1_258' title='bbox 661 3233 840 3331; x_wconf 72' lang='lat' dir='ltr'>theologice</span> <span class='ocrx_word' id='word_1_259' title='bbox 861 3237 1022 3307; x_wconf 86' lang='lat' dir='ltr'>ueritatis.</span> <span class='ocrx_word' id='word_1_260' title='bbox 1075 3234 1287 3309; x_wconf 87' lang='lat' dir='ltr'>Postlineam</span> <span class='ocrx_word' id='word_1_261' title='bbox 1309 3236 1488 3311; x_wconf 83' lang='lat' dir='ltr'>columnae</span> <span class='ocrx_word' id='word_1_262' title='bbox 1510 3236 1671 3311; x_wconf 86' lang='lat' dir='ltr'>secundae</span> <span class='ocrx_word' id='word_1_263' title='bbox 1692 3234 1861 3333; x_wconf 88' lang='lat' dir='ltr'>ejusdem</span> <span class='ocrx_word' id='word_1_264' title='bbox 1883 3271 1888 3286; x_wconf 86' lang='lat'><strong>·</strong></span> 
     </span>
     <span class='ocr_line' id='line_1_28' title="bbox 239 3326 1860 3429; baseline 0.002 -25"><span class='ocrx_word' id='word_1_265' title='bbox 239 3329 313 3407; x_wconf 90' lang='lat' dir='ltr'>solii</span> <span class='ocrx_word' id='word_1_266' title='bbox 333 3330 474 3404; x_wconf 88' lang='lat' dir='ltr'>tertiam</span> <span class='ocrx_word' id='word_1_267' title='bbox 502 3326 660 3426; x_wconf 82' lang='lat' dir='ltr'>Explicit</span> <span class='ocrx_word' id='word_1_268' title='bbox 678 3333 848 3427; x_wconf 78' lang='lat' dir='ltr'>prologus.</span> <span class='ocrx_word' id='word_1_269' title='bbox 878 3329 1048 3425; x_wconf 83' lang='lat' dir='ltr'>Incipiunt</span> <span class='ocrx_word' id='word_1_270' title='bbox 1062 3331 1155 3403; x_wconf 90' lang='lat' dir='ltr'>tituli</span> <span class='ocrx_word' id='word_1_271' title='bbox 1196 3331 1399 3426; x_wconf 77' lang='lat' dir='ltr'>apicularum</span> <span class='ocrx_word' id='word_1_272' title='bbox 1418 3334 1521 3429; x_wconf 87' lang='lat' dir='ltr'>prinii</span> <span class='ocrx_word' id='word_1_273' title='bbox 1539 3329 1638 3412; x_wconf 65' lang='lat' dir='ltr'>silari·</span> <span class='ocrx_word' id='word_1_274' title='bbox 1663 3335 1787 3428; x_wconf 89' lang='lat' dir='ltr'>quales</span> <span class='ocrx_word' id='word_1_275' title='bbox 1802 3355 1860 3406; x_wconf 90' lang='lat' dir='ltr'>re·</span> 
     </span>
     <span class='ocr_line' id='line_1_29' title="bbox 240 3357 1863 3525; baseline 0.001 -25"><span class='ocrx_word' id='word_1_276' title='bbox 240 3427 344 3521; x_wconf 91' lang='lat' dir='ltr'>liquis</span> <span class='ocrx_word' id='word_1_277' title='bbox 366 3426 475 3500; x_wconf 87' lang='lat' dir='ltr'>etiam</span> <span class='ocrx_word' id='word_1_278' title='bbox 497 3423 638 3521; x_wconf 81' lang='lat' dir='ltr'>singulis</span> <span class='ocrx_word' id='word_1_279' title='bbox 660 3426 759 3501; x_wconf 90' lang='lat' dir='ltr'>libris</span> <span class='ocrx_word' id='word_1_280' title='bbox 788 3427 926 3524; x_wconf 82' lang='lat' dir='ltr'>praefixi</span> <span class='ocrx_word' id='word_1_281' title='bbox 952 3427 1038 3501; x_wconf 80' lang='lat' dir='ltr'>sunt</span> <span class='ocrx_word' id='word_1_282' title='bbox 1102 3357 1244 3503; x_wconf 70' lang='lat' dir='ltr'>elohim</span> <span class='ocrx_word' id='word_1_283' title='bbox 1269 3431 1404 3525; x_wconf 88' lang='lat' dir='ltr'>primus</span> <span class='ocrx_word' id='word_1_284' title='bbox 1425 3428 1474 3503; x_wconf 86' lang='lat' dir='ltr'>est</span> <span class='ocrx_word' id='word_1_285' title='bbox 1495 3430 1541 3505; x_wconf 91' lang='lat' dir='ltr'>de</span> <span class='ocrx_word' id='word_1_286' title='bbox 1566 3428 1704 3504; x_wconf 89' lang='lat' dir='ltr'>Natura</span> <span class='ocrx_word' id='word_1_287' title='bbox 1733 3431 1863 3503; x_wconf 90' lang='lat' dir='ltr'>divini·</span> 
     </span>
     <span class='ocr_line' id='line_1_30' title="bbox 241 3522 1863 3622; baseline 0.001 -25"><span class='ocrx_word' id='word_1_288' title='bbox 241 3523 338 3597; x_wconf 82' lang='lat' dir='ltr'>tatis.</span> <span class='ocrx_word' id='word_1_289' title='bbox 366 3529 411 3613; x_wconf 91' lang='lat'>2)</span> <span class='ocrx_word' id='word_1_290' title='bbox 424 3522 470 3594; x_wconf 91' lang='lat' dir='ltr'>de</span> <span class='ocrx_word' id='word_1_291' title='bbox 485 3524 649 3615; x_wconf 89' lang='lat' dir='ltr'>operibus</span> <span class='ocrx_word' id='word_1_292' title='bbox 665 3525 871 3599; x_wconf 92' lang='lat' dir='ltr'>conditoris.</span> <span class='ocrx_word' id='word_1_293' title='bbox 904 3527 939 3614; x_wconf 85' lang='lat'>3)</span> <span class='ocrx_word' id='word_1_294' title='bbox 955 3524 1001 3598; x_wconf 93' lang='lat' dir='ltr'>de</span> <span class='ocrx_word' id='word_1_295' title='bbox 1016 3525 1215 3622; x_wconf 88' lang='lat' dir='ltr'>corruptela</span> <span class='ocrx_word' id='word_1_296' title='bbox 1229 3528 1374 3620; x_wconf 91' lang='lat' dir='ltr'>peccati.</span> <span class='ocrx_word' id='word_1_297' title='bbox 1403 3533 1443 3619; x_wconf 87' lang='grc'>4)</span> <span class='ocrx_word' id='word_1_298' title='bbox 1458 3527 1504 3600; x_wconf 92' lang='lat' dir='ltr'>de</span> <span class='ocrx_word' id='word_1_299' title='bbox 1519 3528 1740 3602; x_wconf 86' lang='lat' dir='ltr'>humanitate</span> <span class='ocrx_word' id='word_1_300' title='bbox 1757 3527 1863 3602; x_wconf 83' lang='lat' dir='ltr'>Chii·</span> 
     </span>
     <span class='ocr_line' id='line_1_31' title="bbox 241 3615 1926 3718; baseline 0.001 -23"><span class='ocrx_word' id='word_1_301' title='bbox 241 3616 293 3695; x_wconf 85' lang='lat' dir='ltr'>iu.</span> <span class='ocrx_word' id='word_1_302' title='bbox 321 3615 363 3713; x_wconf 83' lang='lat'>5)</span> <span class='ocrx_word' id='word_1_303' title='bbox 383 3616 428 3691; x_wconf 90' lang='lat' dir='ltr'>de</span> <span class='ocrx_word' id='word_1_304' title='bbox 449 3617 719 3695; x_wconf 79' lang='lat' dir='ltr'>santtihcatione</span> <span class='ocrx_word' id='word_1_305' title='bbox 741 3622 943 3716; x_wconf 65' lang='lat' dir='ltr'>pannum.</span> <span class='ocrx_word' id='word_1_306' title='bbox 975 3618 1018 3718; x_wconf 85' lang='lat' dir='ltr'>d)</span> <span class='ocrx_word' id='word_1_307' title='bbox 1034 3621 1080 3697; x_wconf 93' lang='lat' dir='ltr'>de</span> <span class='ocrx_word' id='word_1_308' title='bbox 1102 3626 1232 3697; x_wconf 87' lang='lat' dir='ltr'>virtute</span> <span class='ocrx_word' id='word_1_309' title='bbox 1246 3622 1569 3700; x_wconf 87' lang='lat' dir='ltr'>Sacramentomm.</span> <span class='ocrx_word' id='word_1_310' title='bbox 1624 3620 1641 3718; x_wconf 96' lang='lat'>)</span> <span class='ocrx_word' id='word_1_311' title='bbox 1663 3625 1708 3697; x_wconf 89' lang='lat' dir='ltr'>de</span> <span class='ocrx_word' id='word_1_312' title='bbox 1723 3624 1862 3698; x_wconf 85' lang='lat' dir='ltr'>ultimis</span> <span class='ocrx_word' id='word_1_313' title='bbox 1920 3628 1926 3638; x_wconf 85' lang='grc'><em>’</em></span> 
     </span>
     <span class='ocr_line' id='line_1_32' title="bbox 217 3647 1864 3831; baseline 0.003 -44"><span class='ocrx_word' id='word_1_314' title='bbox 217 3782 219 3787; x_wconf 88' lang='grc'>.</span> <span class='ocrx_word' id='word_1_315' title='bbox 242 3715 520 3824; x_wconf 82' lang='lat' dir='ltr'>temporibus&amp;</span> <span class='ocrx_word' id='word_1_316' title='bbox 543 3716 588 3789; x_wconf 89' lang='lat' dir='ltr'>de</span> <span class='ocrx_word' id='word_1_317' title='bbox 613 3719 727 3810; x_wconf 88' lang='lat' dir='ltr'>poenis</span> <span class='ocrx_word' id='word_1_318' title='bbox 749 3720 942 3802; x_wconf 86' lang='lat' dir='ltr'>malorum,</span> <span class='ocrx_word' id='word_1_319' title='bbox 972 3718 1009 3794; x_wconf 82' lang='lat' dir='ltr'>dc</span> <span class='ocrx_word' id='word_1_320' title='bbox 1034 3720 1191 3816; x_wconf 87' lang='lat' dir='ltr'>praemiis</span> <span class='ocrx_word' id='word_1_321' title='bbox 1211 3723 1406 3795; x_wconf 88' lang='lat' dir='ltr'>beatorum.</span> <span class='ocrx_word' id='word_1_322' title='bbox 1475 3647 1680 3831; x_wconf 79' lang='lat' dir='ltr'>Impretl&#39;um</span> <span class='ocrx_word' id='word_1_323' title='bbox 1699 3720 1748 3794; x_wconf 89' lang='lat' dir='ltr'>est</span> <span class='ocrx_word' id='word_1_324' title='bbox 1771 3738 1864 3816; x_wconf 85' lang='lat' dir='ltr'>opus</span> 
     </span>
    </p>

    <p class='ocr_par' dir='ltr' id='par_1_9' title="bbox 243 3811 1864 4395">
     <span class='ocr_line' id='line_1_33' title="bbox 243 3811 1864 3914; baseline 0.002 -27"><span class='ocrx_word' id='word_1_325' title='bbox 243 3811 314 3887; x_wconf 92' lang='lat' dir='ltr'>hoc</span> <span class='ocrx_word' id='word_1_326' title='bbox 336 3813 482 3905; x_wconf 92' lang='lat' dir='ltr'>gothico</span> <span class='ocrx_word' id='word_1_327' title='bbox 503 3812 707 3887; x_wconf 71' lang='lat' dir='ltr'>charactere</span> <span class='ocrx_word' id='word_1_328' title='bbox 732 3816 767 3888; x_wconf 91' lang='lat' dir='ltr'>in</span> <span class='ocrx_word' id='word_1_329' title='bbox 786 3817 923 3889; x_wconf 91' lang='lat' dir='ltr'>duabus</span> <span class='ocrx_word' id='word_1_330' title='bbox 946 3815 1130 3890; x_wconf 87' lang='lat' dir='ltr'>columnis.</span> <span class='ocrx_word' id='word_1_331' title='bbox 1182 3816 1222 3890; x_wconf 92' lang='lat' dir='ltr'>ln</span> <span class='ocrx_word' id='word_1_332' title='bbox 1246 3816 1408 3914; x_wconf 91' lang='lat' dir='ltr'>superiori</span> <span class='ocrx_word' id='word_1_333' title='bbox 1427 3839 1588 3913; x_wconf 85' lang='lat' dir='ltr'>margine</span> <span class='ocrx_word' id='word_1_334' title='bbox 1601 3819 1782 3913; x_wconf 89' lang='lat' dir='ltr'>utriusque</span> <span class='ocrx_word' id='word_1_335' title='bbox 1797 3839 1864 3912; x_wconf 90' lang='lat' dir='ltr'>pa·</span> 
     </span>
     <span class='ocr_line' id='line_1_34' title="bbox 244 3908 1864 4007; baseline 0.006 -27"><span class='ocrx_word' id='word_1_336' title='bbox 244 3908 343 4003; x_wconf 88' lang='lat' dir='ltr'>ginae</span> <span class='ocrx_word' id='word_1_337' title='bbox 364 3909 608 4003; x_wconf 89' lang='lat' dir='ltr'>typographus</span> <span class='ocrx_word' id='word_1_338' title='bbox 635 3910 763 3984; x_wconf 90' lang='lat' dir='ltr'>librum</span> <span class='ocrx_word' id='word_1_339' title='bbox 793 3912 977 3997; x_wconf 88' lang='lat' dir='ltr'>indicavit,</span> <span class='ocrx_word' id='word_1_340' title='bbox 1013 3937 1045 3987; x_wconf 87' lang='lat' dir='ltr'>e.</span> <span class='ocrx_word' id='word_1_341' title='bbox 1077 3935 1111 4006; x_wconf 92' lang='lat' dir='ltr'>g.</span> <span class='ocrx_word' id='word_1_342' title='bbox 1144 3909 1248 3989; x_wconf 86' lang='lat' dir='ltr'>Liber</span> <span class='ocrx_word' id='word_1_343' title='bbox 1287 3917 1400 3988; x_wconf 72' lang='lat' dir='ltr'>cincun</span> <span class='ocrx_word' id='word_1_344' title='bbox 1465 3914 1566 3988; x_wconf 90' lang='lat' dir='ltr'>Idem</span> <span class='ocrx_word' id='word_1_345' title='bbox 1594 3912 1788 4007; x_wconf 85' lang='lat' dir='ltr'>hgnaturas</span> <span class='ocrx_word' id='word_1_346' title='bbox 1815 3915 1864 3989; x_wconf 88' lang='lat' dir='ltr'>ab</span> 
     </span>
     <span class='ocr_line' id='line_1_35' title="bbox 245 3939 1861 4181; baseline 0.007 -108"><span class='ocrx_word' id='word_1_347' title='bbox 245 4031 284 4178; x_wconf 49' lang='lat' dir='ltr'>p&amp;</span> <span class='ocrx_word' id='word_1_348' title='bbox 286 4003 466 4176; x_wconf 44' lang='lat' dir='ltr'>&#39;2125ssss</span> <span class='ocrx_word' id='word_1_349' title='bbox 476 4003 571 4173; x_wconf 73' lang='lat' dir='ltr'>saepp¹</span> <span class='ocrx_word' id='word_1_350' title='bbox 585 4006 740 4174; x_wconf 64' lang='lat' dir='ltr'>ipipiales</span> <span class='ocrx_word' id='word_1_351' title='bbox 764 4007 1036 4181; x_wconf 60' lang='lat' dir='ltr'>literasmpprpias</span> <span class='ocrx_word' id='word_1_352' title='bbox 1060 4008 1200 4180; x_wconf 63' lang='lat' dir='ltr'>adjtectit.</span> <span class='ocrx_word' id='word_1_353' title='bbox 1238 3939 1387 4125; x_wconf 33' lang='lat' dir='ltr'>,lissum</span> <span class='ocrx_word' id='word_1_354' title='bbox 1405 4035 1490 4090; x_wconf 89' lang='lat' dir='ltr'>vero</span> <span class='ocrx_word' id='word_1_355' title='bbox 1514 4010 1677 4087; x_wconf 89' lang='lat' dir='ltr'>soliorum</span> <span class='ocrx_word' id='word_1_356' title='bbox 1697 4011 1861 4095; x_wconf 83' lang='lat' dir='ltr'>numeri.</span> 
     </span>
     <span class='ocr_line' id='line_1_36' title="bbox 469 4127 1374 4183; baseline 0.012 -10"><span class='ocrx_word' id='word_1_357' title='bbox 469 4155 479 4173; x_wconf 90' lang='lat'><strong>.</strong></span> <span class='ocrx_word' id='word_1_358' title='bbox 616 4127 761 4177; x_wconf 90' lang='lat' dir='ltr'>oumna</span> <span class='ocrx_word' id='word_1_359' title='bbox 809 4129 853 4180; x_wconf 86' lang='lat' dir='ltr'>ua</span> <span class='ocrx_word' id='word_1_360' title='bbox 944 4132 964 4178; x_wconf 92' lang='lat' dir='ltr'>o</span> <span class='ocrx_word' id='word_1_361' title='bbox 1047 4130 1139 4182; x_wconf 89' lang='lat' dir='ltr'>uari</span> <span class='ocrx_word' id='word_1_362' title='bbox 1175 4130 1374 4183; x_wconf 86' lang='lat' dir='ltr'>ermoniso</span> 
     </span>
     <span class='ocr_line' id='line_1_37' title="bbox 682 4127 1575 4301; baseline 0.007 -28"><span class='ocrx_word' id='word_1_363' title='bbox 682 4127 842 4297; x_wconf 66' lang='lat' dir='ltr'>Explicit</span> <span class='ocrx_word' id='word_1_364' title='bbox 870 4199 954 4277; x_wconf 83' lang='lat' dir='ltr'>liber</span> <span class='ocrx_word' id='word_1_365' title='bbox 983 4129 1118 4278; x_wconf 75' lang='lat' dir='ltr'>allinus</span> <span class='ocrx_word' id='word_1_366' title='bbox 1147 4202 1243 4277; x_wconf 82' lang='lat' dir='ltr'>liuius</span> <span class='ocrx_word' id='word_1_367' title='bbox 1272 4202 1431 4301; x_wconf 73' lang='lat' dir='ltr'>campilli</span> <span class='ocrx_word' id='word_1_368' title='bbox 1567 4185 1575 4200; x_wconf 67' lang='grc'><em>’</em></span> 
     </span>
     <span class='ocr_line' id='line_1_38' title="bbox 927 4299 1176 4395; baseline -0.004 -23"><span class='ocrx_word' id='word_1_369' title='bbox 927 4299 1001 4372; x_wconf 89' lang='lat' dir='ltr'>Deo</span> <span class='ocrx_word' id='word_1_370' title='bbox 1032 4301 1176 4395; x_wconf 51' lang='lat' dir='ltr'>gratier¹</span> 
     </span>
    </p>

    <p class='ocr_par' dir='ltr' id='par_1_10' title="bbox 245 4384 1942 4766">
     <span class='ocr_line' id='line_1_39' title="bbox 246 4384 1871 4496; baseline 0.008 -33"><span class='ocrx_word' id='word_1_371' title='bbox 246 4387 399 4465; x_wconf 78' lang='lat' dir='ltr'>Accedit</span> <span class='ocrx_word' id='word_1_372' title='bbox 421 4410 504 4465; x_wconf 83' lang='lat' dir='ltr'>vero</span> <span class='ocrx_word' id='word_1_373' title='bbox 530 4384 660 4463; x_wconf 80' lang='lat' dir='ltr'>Tabula</span> <span class='ocrx_word' id='word_1_374' title='bbox 678 4391 860 4487; x_wconf 83' lang='lat' dir='ltr'>generalis.</span> <span class='ocrx_word' id='word_1_375' title='bbox 901 4395 959 4469; x_wconf 91' lang='lat' dir='ltr'>seu</span> <span class='ocrx_word' id='word_1_376' title='bbox 983 4399 1093 4470; x_wconf 82' lang='lat' dir='ltr'>index</span> <span class='ocrx_word' id='word_1_377' title='bbox 1114 4394 1343 4471; x_wconf 89' lang='lat' dir='ltr'>materiarum</span> <span class='ocrx_word' id='word_1_378' title='bbox 1365 4398 1626 4494; x_wconf 86' lang='lat' dir='ltr'>alphabeticus,</span> <span class='ocrx_word' id='word_1_379' title='bbox 1649 4398 1784 4496; x_wconf 89' lang='lat' dir='ltr'>septem</span> <span class='ocrx_word' id='word_1_380' title='bbox 1810 4399 1871 4475; x_wconf 86' lang='lat' dir='ltr'>so·</span> 
     </span>
     <span class='ocr_line' id='line_1_40' title="bbox 245 4483 1871 4594; baseline 0.011 -37"><span class='ocrx_word' id='word_1_381' title='bbox 245 4483 301 4557; x_wconf 87' lang='lat' dir='ltr'>liis</span> <span class='ocrx_word' id='word_1_382' title='bbox 327 4487 492 4582; x_wconf 78' lang='lat' dir='ltr'>impressis</span> <span class='ocrx_word' id='word_1_383' title='bbox 514 4488 797 4582; x_wconf 88' lang='lat' dir='ltr'>comprehensus.</span> <span class='ocrx_word' id='word_1_384' title='bbox 872 4488 934 4565; x_wconf 80' lang='lat' dir='ltr'>hd</span> <span class='ocrx_word' id='word_1_385' title='bbox 957 4492 1061 4589; x_wconf 91' lang='lat' dir='ltr'>hujus</span> <span class='ocrx_word' id='word_1_386' title='bbox 1086 4492 1222 4567; x_wconf 90' lang='lat' dir='ltr'>calcem</span> <span class='ocrx_word' id='word_1_387' title='bbox 1248 4493 1424 4590; x_wconf 86' lang='lat' dir='ltr'>sequentia</span> <span class='ocrx_word' id='word_1_388' title='bbox 1457 4496 1624 4593; x_wconf 87' lang='lat' dir='ltr'>leguntur</span> <span class='ocrx_word' id='word_1_389' title='bbox 1657 4497 1871 4594; x_wconf 86' lang='lat' dir='ltr'>subscripta:</span> 
     </span>
     <span class='ocr_line' id='line_1_41' title="bbox 246 4577 1942 4766; baseline -0.001 -107"><span class='ocrx_word' id='word_1_390' title='bbox 246 4577 407 4680; x_wconf 83' lang='lat' dir='ltr'>Suscipite</span> <span class='ocrx_word' id='word_1_391' title='bbox 430 4585 537 4679; x_wconf 85' lang='lat' dir='ltr'>igitur</span> <span class='ocrx_word' id='word_1_392' title='bbox 559 4609 667 4662; x_wconf 85' lang='lat' dir='ltr'>omncs</span> <span class='ocrx_word' id='word_1_393' title='bbox 689 4585 785 4684; x_wconf 85' lang='lat' dir='ltr'>queso</span> <span class='ocrx_word' id='word_1_394' title='bbox 807 4583 986 4687; x_wconf 77' lang='lat' dir='ltr'>ueotcgtci</span> <span class='ocrx_word' id='word_1_395' title='bbox 1007 4588 1174 4665; x_wconf 65' lang='lat' dir='ltr'>enimsi:</span> <span class='ocrx_word' id='word_1_396' title='bbox 1192 4588 1324 4690; x_wconf 78' lang='lat' dir='ltr'>fideiq3</span> <span class='ocrx_word' id='word_1_397' title='bbox 1339 4590 1497 4672; x_wconf 74' lang='lat' dir='ltr'>eulaliae</span> <span class='ocrx_word' id='word_1_398' title='bbox 1516 4591 1788 4766; x_wconf 50' lang='lat' dir='ltr'>amatoresibpruc</span> <span class='ocrx_word' id='word_1_399' title='bbox 1809 4593 1873 4667; x_wconf 87' lang='lat' dir='ltr'>la.</span> <span class='ocrx_word' id='word_1_400' title='bbox 1938 4602 1942 4607; x_wconf 85' lang='lat'>·</span> 
     </span>
    </p>

    <p class='ocr_par' dir='ltr' id='par_1_11' title="bbox 1767 4713 1820 4766">
     <span class='ocr_line' id='line_1_42' title="bbox 1767 4713 1820 4766; baseline 0 0"><span class='ocrx_word' id='word_1_401' title='bbox 1767 4713 1820 4766; x_wconf 86' lang='lat' dir='ltr'>cui</span> 
     </span>
    </p>
   </div>
   <div class='ocr_carea' id='block_1_9' title="bbox 0 0 2001 5176">
    <p class='ocr_par' dir='ltr' id='par_1_12' title="bbox 0 0 2001 5176">
     <span class='ocr_line' id='line_1_43' title="bbox 0 0 2001 5176; baseline 0 0"><span class='ocrx_word' id='word_1_402' title='bbox 0 0 2001 5176; x_wconf 95' lang='lat' dir='ltr'> </span> 
     </span>
    </p>
   </div>
  </div>
 </body>
</html>
