3892 5182
763 254 1142 376 ’ἓξὲξ-ε
1663 290 1742 374 141

113 466 393 566 corripiiiuntur.
445 461 514 538 His
539 458 690 561 subjecta
716 459 765 535 est
789 459 935 558 sequens
960 461 1101 536 uberior
1129 455 1343 558 subscriptio:
1383 453 1487 535 Liber
1502 456 1744 556 sententiarum

117 569 267 666 antestes·
285 563 378 639 Petri
395 559 601 635 Lomlcardi:
620 584 692 633 cum
713 555 967 655 conclufionibus
984 559 1133 655 magistri
1145 557 1283 631 chrici
1302 554 1645 727 Goriclscm:pacrum
1658 551 1746 650 (stc)

117 635 305 740 littirarum
330 660 517 755 interpretis
538 658 663 735 eximii.
714 655 771 729 Ac
783 651 1001 755 subtilifflrais
1013 653 1122 749 santii
1153 652 1272 727 Tlromc
1299 650 1500 751 problemati
1522 680 1571 728 us.
1610 652 1657 727 od
1676 657 1746 752 flu·

120 760 233 837 dentis}
254 757 510 849 exercitatione3
529 754 764 848 facilioremq3
791 753 826 826 in
852 752 928 848 eius
943 752 1040 849 ipstus
1056 749 1195 848 scriptis
1216 754 1398 845 materiari
1418 753 1644 830 inumtionem.
1671 751 1744 825 cai·

116 863 170 933 scis
193 856 321 942 libroro
337 853 489 950 seriatim
513 853 695 933 annotatis.
743 846 888 923 Additis
910 848 1006 946 infun
1035 845 1229 946 quibusdam
1255 847 1408 922 articulis
1433 849 1468 923 in
1489 846 1744 942 certissoculta·

119 955 209 1030 tilius
234 953 377 1025 erroneis
400 951 461 1026 rin
476 945 550 1044 fide
574 945 737 1021 catlrolica
749 944 915 1042 srrspntlis.
954 934 1103 1044 Paristus
1128 944 1382 1024 dotlrinalitest
1410 946 1625 1020 autoritatiue
1649 969 1746 1019 aco·

121 1052 255 1127 stolicis
277 1043 509 1123 traslatorilns
530 1044 722 1117 adamantis.
746 1043 891 1139 explicit.
940 1042 1074 1213 Imff'
1097 1053 1192 1139 atque
1205 1043 1376 1141 fingulari
1390 1067 1490 1140 opera
1506 1043 1647 1119 Nicolai
1660 1041 1745 1158 Kes-

122 1152 189 1224 lcrs
211 1149 293 1220 cinis
316 1143 487 1240 Bafilireri.
519 1139 604 1241 (lic)
626 1141 672 1213 od
690 1140 841 1215 honorem
855 1137 968 1239 sanlle
1054 1138 1223 1213 indiuidua
1245 1138 1390 1238 trinitati
1418 1165 1457 1212 ac
1474 1140 1561 1238 fidei
1583 1140 1743 1215 catholice

121 1249 300 1343 augmentis
321 1239 361 1315 ss
380 1241 516 1312 tuitione
541 1234 588 1332 p}
615 1237 768 1334 diligenti
791 1263 852 1310 rme
871 1232 1048 1332 impressus.
1083 1234 1186 1310 Anno
1208 1238 1447 1311 incarnationis
1465 1236 1526 1311 deii
1543 1263 1588 1336 po
1637 1237 1750 1311 mille·.

112 1348 203 1445 statii
226 1353 385 1436 quaterq3
402 1336 602 1432 centefimum
626 1333 810 1433 ollogestmo
832 1359 929 1407 nono.
975 1330 1087 1406 Tertio
1112 1358 1187 1407 vero
1211 1332 1290 1407 lalr's
1318 1331 1517 1408 Decembris.
1602 1335 1745 1429 omplu·

120 1466 180 1526 ra,
212 1460 363 1535 quorum
385 1435 423 1507 in
452 1434 520 1506 hac
545 1421 786 1526 rtbrcnprione
811 1429 903 1506 satta
925 1429 974 1504 est
995 1431 1149 1515 mentio,
1175 1433 1327 1528 primum
1346 1430 1551 1529 sequuntur,
1577 1433 1746 1510 nimirum

127 1536 169 1635 1)
195 1534 304 1610 Tituli
331 1530 560 1628 quaestionum
583 1528 621 1601 S.
636 1527 789 1603 Thomae
808 1528 846 1600 in
871 1527 1016 1601 Librum
1043 1525 1105 1602 lV.
1134 1527 1397 1611 sententiarum,
1427 1533 1448 1602 6
1470 1528 1561 1601 soliis
1584 1551 1750 1624 compre«

126 1632 237 1709 lrensr.
290 1635 327 1720 2)
354 1629 451 1705 Varii
479 1625 614 1702 articuli
636 1626 672 1698 in
696 1622 849 1719 Anglia,
881 1623 919 1699 &
943 1621 1081 1697 Parisiis
1104 1626 1355 1712 condemnati,
1381 1624 1474 1699 soliis
1500 1623 1745 1719 comprehensi

124 1727 408 1826 quatuordecim.
480 1720 634 1794 Accedit
657 1722 804 1795 demum
828 1726 867 1815 3)
882 1720 1052 1817 registrum
1074 1716 1169 1793 breue
1184 1721 1223 1798 il
1237 1724 1316 1796 vtile
1338 1745 1446 1797 omnes
1463 1720 1539 1815 scre
1552 1719 1745 1818 sententias.
1770 1806 1773 1811 .
1806 1800 1816 1808 ‚

72 1820 87 1827 ⁶
124 1831 296 1926 questiones
318 1821 358 1897 il
383 1820 597 1916 conclastones
621 1821 654 1890 irs
676 1829 818 1914 quatuor
830 1816 1068 1915 smtentr'acum
1089 1814 1185 1895 libris
1208 1818 1311 1893 talias
1325 1820 1479 1893 cotinens.
1494 1818 1571 1921 flas.
1595 1816 1745 1892 ordinem

126 1919 294 2021 alplrulscti
318 1919 456 2009 inferius
478 1927 682 1988 annotatum.
745 1915 828 1989 Hoc
855 1913 1037 2008 registrum
1060 1914 1304 1994 ternionemT
1326 1917 1523 2019 integrum.
1544 1912 1582 1993 ἅ
1602 1925 1747 2018 quater·

63 2064 68 2071 ·
129 2024 243 2097 nionis
267 2019 297 2093 U
321 2016 455 2116 septem
476 2014 558 2094 solia
582 2012 697 2110 priora
720 2011 792 2088 sere
818 2011 958 2109 integra
980 2023 1141 2110 occupat.

136 2274 327 2368 xxvii.
363 2269 679 2365 Vocntnlarins
709 2274 1043 2390 predicantium.
1139 2275 1245 2366 Haec
1278 2285 1444 2365 tantum
1474 2277 1673 2388 leguntur
1698 2275 1745 2366 iu
1848 2276 1851 2283 ’

252 2394 387 2504 prirne
416 2392 542 2503 primi
571 2388 668 2476 solii
688 2392 863 2502 pagina:
891 2393 934 2475 ia
954 2398 1100 2477 trente
1126 2414 1269 2478 autern
1288 2391 1386 2479 folii
1406 2389 1749 2503 sequeutis'ube·

250 2509 338 2591 rior
377 2506 549 2605 titulus,
593 2501 665 2589 seu
703 2496 921 2618 Prologus
957 2500 1118 2618 Incipit
1159 2505 1414 2616 vaniloquus
1452 2504 1529 2591 lte
1565 2505 1748 2591 curalu-

115 2689 121 2696 .
244 2618 293 2703 lsi
332 2613 606 2720 diurrfimaclc
637 2626 810 2732 acceptu
845 2615 965 2704 varie
1005 2613 1335 2730 tlccntnnisnmto
1378 2616 1619 2732 exprimens
1653 2639 1749 2730 prc-

248 2730 520 2819 ditatoribus
556 2728 754 2842 olalaliic
799 2728 1024 2846 crenaigta.
1123 2729 1350 2846 Capitatns
1383 2756 1428 2855 p
1471 2728 1751 2820 venerabilem
1831 2764 1836 2771 ’

253 2845 397 2960 mgim
438 2842 660 2937 intormem
691 2843 848 2931 rrrcllscr
880 2846 929 2930 cle
959 2844 1256 2959 gerolt-pleasant
1276 2848 1333 2930 'cn
1348 2843 1599 2955 semermibus
1625 2843 1749 2931 nacti·

251 2958 343 3051 tiss
389 2957 621 3071 proadem
656 2952 855 3069 ascriptis
881 2952 965 3065 sicle
1003 2960 1240 3045 ueneranda
1275 2959 1372 3044 viru
1407 2971 1532 3073 mgto
1563 2953 1749 3061 &odoro

252 3070 426 3157 ectmTi'
452 3070 502 3157 cle
534 3069 648 3157 turm
682 3068 840 3156 eximio
869 3063 1055 3156 dedara.
1088 3094 1136 3156 nr
1161 3065 1438 3183 famoscffimo
1466 3068 1540 3159 aar
1567 3069 1635 3155 dei
1687 3094 1750 3156 rc·

251 3100 443 3272 altatare
474 3183 520 3271 in
545 3181 839 3300 tenaciterga.
914 3181 1116 3295 Augunae
1149 3181 1286 3277 Viuo.
1322 3208 1399 3299 per
1438 3186 1609 3309 Autou.
1641 3092 1750 3298 gorg

257 3301 380 3411 1489.
411 3300 453 3386 in
484 3327 527 3409 40,

292 3509 390 3608 Opus
412 3510 557 3605 gothico
582 3507 632 3584 est
651 3508 851 3588 charactere
876 3509 1079 3608 impressum
1103 3513 1236 3588 chartae
1265 3507 1484 3595 fir-miffimae.
1540 3511 1753 3607 Paginarurn

134 3606 393 3706 inscriptiones,
423 3632 455 3685 e.
470 3631 505 3702 g.
534 3604 574 3680 A
595 3619 672 3682 ante
693 3604 729 3682 C
751 3650 795 3662 -
821 3604 849 3680 Ι
868 3621 944 3681 ante
965 3606 1023 3695 N,
1052 3610 1090 3686 &
1117 3609 1316 3706 figanturas
1342 3634 1364 3682 o
1392 3651 1422 3663 --
1459 3630 1495 3703 ς,
1531 3632 1695 3685 necnon
1718 3629 1750 3691 t.

135 3721 244 3803 atque
267 3728 279 3783 t
304 3705 550 3802 typographus
577 3702 726 3798 adjecit:
755 3702 881 3779 desunt
907 3728 991 3780 vero
1023 3708 1188 3782 soliorum
1220 3707 1377 3792 numeri,
1391 3728 1394 3734 ·
1409 3705 1589 3793 custodes,
1623 3703 1661 3779 dc
1689 3706 1755 3781 ini·

137 3804 244 3880 tiales
267 3804 378 3878 literae
396 3823 547 3885 vocum,
582 3822 663 3897 quae
685 3801 810 3896 primae
825 3818 1015 3878 occurrunt
1028 3806 1074 3878 ad
1090 3804 1249 3916 quamvis
1263 3803 1411 3879 literam.
1464 3804 1641 3902 Excerpta
1656 3823 1756 3899 quae·

137 3900 224 3980 darrl
248 3924 294 3974 ex
314 3900 383 3972 hoc
407 3898 521 3972 lexico
540 3897 622 3972 dedi
651 3895 744 3972 Fasc.
768 3897 811 3971 ll.
835 3922 915 3995 pag.
940 3920 1017 3998 173.
1049 3900 1086 3976 &
1106 3902 1194 3974 inira
1218 3901 1311 3975 inter
1339 3902 1448 3975 libros
1472 3916 1557 3976 nota
1580 3900 1663 3978 anni
1695 3923 1756 3975 ca·

136 4012 269 4075 rentes.
320 3993 479 4069 Praesens
503 3993 611 4069 editio
635 3994 730 4069 circa
753 3993 863 4069 linem
888 3998 1015 4090 primae
1039 3998 1177 4095 paginae
1200 3998 1276 4071 solii
1302 3999 1396 4072 tertii
1416 3999 1619 4074 duernionis
1642 4019 1655 4073 ι
1676 3997 1758 4074 haec

66 4134 79 4151 ³
138 4094 251 4172 habet
270 4090 472 4188 subscripta:
499 4089 656 4188 Explicit
683 4087 913 4165 vocabulariur
934 4092 1189 4190 predicatorum.
1224 4092 1399 4192 Impreffus
1422 4096 1456 4168 in
1478 4093 1643 4192 imperiali
1672 4093 1758 4166 ciui·

138 4202 209 4265 tate
233 4188 400 4287 Augusta.
422 4213 482 4283 per
503 4187 711 4263 Anthonium
734 4185 834 4286 Sorg.
876 4185 980 4263 Anno
1010 4187 1053 4263 al
1075 4191 1302 4264 incarnatione
1328 4189 1453 4267 domini
1478 4191 1655 4361 Millffimo
1673 4211 1758 4284 quo·

138 4286 388 4386 dringentefimo
413 4284 622 4384 olluagefimo
645 4308 743 4358 nono.
772 4283 815 4358 ln
840 4284 893 4360 dic
907 4285 1014 4382 finani
1039 4285 1278 4362 Bernhardini.
1342 4289 1545 4365 Editionem
1616 4310 1661 4360 nc
1682 4283 1758 4384 jam

10 4388 19 4397 “
140 4399 229 4460 ante
264 4376 370 4457 acl.
396 4381 520 4489 Zapliq
551 4383 588 4463 irs
623 4381 839 4480 &nstitutus
862 4380 1279 4482 ffiutbbtutfttutsdndptt
1327 4409 1381 4481 ag.
1402 4404 1457 4472 81.
1487 4384 1679 4460 indicatam
1703 4384 1759 4461 Cl.

140 4481 282 4561 Panzer
299 4478 338 4558 in
352 4479 531 4601 noviluno
555 4501 683 4578 opere:
708 4480 869 4603 tlnpnlm
891 4484 949 4585 tec
973 4480 1080 4569 litero
1102 4407 1457 4599 pertinentissime
1479 4508 1552 4560 non
1579 4484 1759 4561 exotavit.

1544 4657 1712 4745 xxvm.
1768 4714 1776 4718 -
