3892 5182
608 258 659 377 ’.
815 247 1264 374 ΞΞὲΕ-Ξ·
1468 255 1898 434 pstea!

165 488 248 546 cum
274 459 399 557 lignat.
421 482 455 570 a.
470 455 505 531 b.
557 455 659 532 Folio
677 454 774 533 reito
800 460 832 543 8.
862 455 1020 571 Ereplicit
1036 457 1168 535 libellus
1192 456 1345 535 rnetrieur
1361 447 1415 534 De
1438 459 1510 536 nito
1531 473 1562 537 et
1587 430 1716 561 inigine
1735 466 1812 559 ιβ’·
1858 475 1867 489 “

164 567 240 641 loti.
291 558 447 633 Accedit
470 555 601 630 eudem
626 571 763 643 metro,
792 557 831 633 ἂ
860 554 946 644 foho
981 558 1077 635 teilo
1115 586 1168 635 11.
1210 555 1367 657 Explicit
1395 560 1557 636 tertiatur
1585 561 1626 636 de
1659 562 1791 661 Caiplea
1900 626 1903 635 .

163 658 272 770 θιὼ
292 668 323 731 et
346 676 447 729 anna.
499 653 734 748 opusculum,
763 667 803 728 ut
822 654 986 740 videtur,
1012 659 1247 752 incognitum.
1898 715 1907 733 .

328 758 409 848 360.
437 749 634 847 Elegincnm
658 748 799 826 Carmen
823 751 997 839 Laetantes?
1017 758 1135 852 magni
1154 768 1249 852 poete
1279 751 1320 828 dr
1343 751 1413 854 fita
1442 755 1591 856 paradisi
1620 769 1696 832 ortn
1720 756 1792 834 oti·

165 864 247 950 tnq3
259 853 394 950 fenicis.
419 847 545 945 Incipit
555 849 714 943 feliciter.
740 875 773 931 4·
839 850 1005 928 Charait.
1037 854 1138 948 goth.
1167 853 1303 930 constat
1331 861 1364 930 ὁ.
1394 855 1510 942 foliis,
1536 879 1690 952 quorum
1717 872 1802 933 ter-·

164 954 260 1067 tium
285 947 368 1123 [qni.
405 946 582 1045 signatum
607 945 667 1022 est.
737 947 971 1044 Opulculum,
997 964 1039 1026 ut
1070 951 1232 1038 videtur,
1266 949 1511 1048 incognitum,
1538 956 1632 1029 forte
1666 956 1792 1060 Lipitae
1823 974 1830 983 ·

168 1073 218 1128 tm
246 1073 284 1125 re
312 1071 384 1122 um.
1001 1098 1007 1103 -
1336 1072 1341 1119 ,·
1475 1122 1477 1126 Α
1721 1107 1724 1111 -
1806 1093 1844 1131 μ

160 1218 184 1244 1,
222 1073 244 1147 p
331 1148 413 1240 301.
447 1138 530 1219 {lita
557 1140 669 1244 christi
689 1141 779 1218 edite
801 1167 823 1218 a
838 1119 961 1241 peel
978 1142 1231 1221 Bonnnentnra.
1259 1143 1296 1222 in
1317 1168 1355 1238 4.
1404 1144 1569 1237 Charali.
1586 1149 1687 1245 goth.
1707 1172 1791 1224 cum

161 1242 190 1339 li
218 1255 291 1323 nat.
312 1241 350 1318 δι
372 1264 469 1316 uum.
489 1241 565 1318 foll.
581 1243 655 1318 ime
677 1241 810 1316 custod.
861 1242 1039 1317 Columna
1061 1263 1095 1326 3.·
1120 1245 1212 1318 linea
1240 1264 1294 1336 ¹3·
1319 1242 1410 1342 seqq.
1435 1247 1511 1321 folii
1531 1245 1603 1322 lvii.
1634 1243 1793 1342 Explicit

108 1358 123 1365 ''
167 1270 253 1441 lilrr
275 1344 378 1416 onre⁹
408 1337 449 1412 de
472 1342 544 1453 vito
564 1335 627 1437 xpi
695 1340 783 1452 sctrn
812 1338 1054 1453 Bononentnrei
1079 1336 1208 1415 doliori
1235 1341 1442 1438 ceropleirnnr
1479 1342 1562 1442 (stc)
1591 1345 1698 1419 editas
1721 1347 1793 1443 stae

168 1439 340 1551 roposttnn
387 1435 543 1551 Accedet
562 1362 686 1517 tabu&
707 1436 950 1549 capitulorum
972 1461 1007 1512 m
1038 1437 1200 1532 sequenti
1230 1439 1320 1514 folio
1353 1442 1451 1517 netto
1472 1442 1676 1519 terminata.
1732 1441 1792 1520 Est
1866 1483 1871 1499 =

169 1539 284 1634 editio
306 1535 442 1612 deversa
463 1537 509 1612 ab
531 1560 575 1611 ea
597 1557 680 1632 quae
704 1534 907 1611 recensetur
929 1558 966 1608 tn
989 1533 1137 1610 Neoeell.
1162 1560 1195 1634 p.
1221 1560 1301 1630 114.

173 1630 1212 1826 cutrttmilltt'tlitll''ltlttt‘tit‘tt
1228 1632 1842 1832 llll*illitati-titt·
1896 1726 1899 1737 ·

174 1830 349 1913 Laurent.
371 1829 575 1905 Corvinus:
602 1829 802 1904 editionem
826 1850 913 1902 vero
938 1828 1032 1909 hanc
1054 1832 1191 1904 curavit
1212 1824 1394 1906 Henricus
1410 1832 1580 1910 Bebelius
1599 1833 1795 1930 lustingen·
1919 1911 1932 1923 ,

171 1929 237 2015 fis,
264 1923 367 2024 cujus
391 1925 538 2022 epistola
570 1926 795 2002 dedicatoria
824 1926 882 2014 ad¹
903 1927 1173 2000 Hartmannum
1205 1929 1251 2003 de
1279 1930 1465 2026 Eptingen
1497 1933 1634 2006 Canon.
1650 1932 1803 2029 Major..

171 2024 307 2104 Ecclel.
332 2023 542 2111 Bafileenfie
576 2026 678 2122 operi
707 2022 856 2136 prgaestxa
883 2024 968 2097 data
991 2023 1041 2097 est
1065 2048 1109 2096 rx
1132 2024 1277 2124 Bustica.
1315 2052 1434 2122 1.4.9.
1449 2039 1482 2102 6.
1533 2026 1611 2104 Nec
1633 2027 1713 2106 lane
1733 2031 1798 2104 ob.

171 2123 263 2201 stare
288 2122 482 2219 quidquam
507 2115 668 2208 videtur,
695 2143 780 2218 qum
805 2144 894 2217 opus
919 2119 1049 2195 eodem
1072 2147 1167 2198 anno
1194 2123 1398 2220 impressum
1423 2126 1495 2200 dici
1526 2125 1637 2223 polilt.
1687 2127 1794 2204 Conf.
1898 2130 1925 2183 ·*

174 2219 270 2300 Gerr.
298 2244 332 2320 p.
364 2237 446 2317 249.
474 2243 523 2295 ex
548 2244 618 2318 quo
641 2221 751 2298 habet
777 2215 883 2292 Denir
906 2219 944 2291 in
965 2216 1082 2390 Snppl.
1109 2243 1143 2315 p.
1171 2245 1250 2318 547.

337 2324 419 2414 363.
445 2315 546 2395 Sacri
573 2321 708 2393 cononis
731 2315 821 2415 nispe
841 2316 984 2413 exposttd
1028 2319 1114 2391 renis
1137 2321 1381 2405 interlinearis,
1406 2319 1478 2397 live
1496 2331 1623 2397 textus
1645 2323 1800 2400 canonis
1862 2322 1866 2331 “

171 2412 306 2501 millae,
340 2414 468 2491 millali
502 2417 703 2496 chernitere
737 2411 942 2510 imprelsus,
980 2437 1063 2489 cunr
1095 2415 1319 2514 expositione
1351 2418 1578 2496 interlineari
1619 2421 1730 2497 breui.
1756 2444 1802 2510 4.,
1896 2475 1899 2479 .
1933 2481 1935 2486 .

125 2604 129 2611 ,
174 2510 341 2594 Charall.
363 2513 467 2609 goth.
491 2535 575 2590 cum
599 2511 623 2589 st
651 2528 721 2591 nat.
746 2534 779 2588 a.
802 2512 834 2589 b.
861 2512 1044 2607 quaternis
1069 2512 1140 2588 fine
1165 2513 1297 2590 custod.
1322 2514 1362 2591 de
1382 2538 1480 2591 num.
1504 2516 1582 2591 loll.
1634 2512 1696 2592 Ad
1721 2519 1798 2593 cal·
1841 2590 1851 2599 .

174 2634 258 2699 cem
280 2609 359 2686 solii
384 2615 438 2685 16.
464 2611 568 2686 retii:
593 2537 668 2687 H‘ie
692 2608 800 2685 breuis
827 2649 872 2664 -
899 2608 1057 2708 enpofitio
1077 2610 1208 2708 sumpto
1229 2617 1245 2684 i
1270 2649 1310 2667 -·
1328 2636 1372 2685 ex
1394 2610 1537 2687 landola
1560 2626 1592 2688 rt
1614 2640 1637 2712 q
1683 2627 1798 2690 exten·

123 2747 126 2750 ·
170 2706 223 2815 [a.
242 2748 278 2767 ·-
307 2705 479 2782 Gobrlelis
504 2706 640 2808 (Biel)
654 2706 753 2808 forre
774 2706 934 2805 theologie
957 2710 1119 2783 licentiati
1139 2707 1312 2810 dortifflrnr'
1328 2708 1383 2791 36.
1406 2707 1588 2788 Lens-deo.
1636 2641 1674 2790 ll

106 2900 110 2905 ,
167 2807 223 2887 ad
242 2804 412 2898 ultimum
436 2804 654 2882 decennium
677 2807 771 2901 Saec.
793 2803 875 2880 XV.
903 2807 1096 2901 pertinere.

338 2909 419 2998 364.
446 2898 616 3001 Incipiunt
633 2902 759 3001 Regale
771 2901 898 3000 relrsse'r
921 2902 1016 2978 iuris.
1054 2901 1122 2980 Uel
1158 2907 1303 2980 monime
1321 2903 1493 3003 'theologie
1521 2906 1684 3007 Magistri
1703 2908 1801 2985 alani

1675 2713 1799 2790 idetur

152 3047 160 3078 ·.
171 2996 433 3106 porreiiani..in
454 3025 489 3096 4.
542 3001 704 3077 Charaii.
725 2999 829 3097 goth.
849 3020 934 3073 curn
949 2999 1078 3096 signat.
1104 3026 1180 3078 a·-
1201 3026 1232 3077 e.
1261 3006 1470 3100 quaternis,
1498 3004 1569 3079 sme
1591 3005 1725 3080 custod.
1758 3005 1798 3082 dt
1928 3062 1932 3071 ·

147 3153 149 3159 ,
174 3123 275 3188 num.
298 3099 372 3176 soll.
394 3098 531 3174 constat
554 3099 650 3174 loliis
672 3120 733 3193 40.
761 3119 915 3196 quorum
933 3096 1093 3193 primum
1125 3099 1163 3172 in
1195 3099 1316 3175 nostro
1335 3099 1539 3198 exemplari
1560 3101 1798 3181 desideratur.
1890 3181 1893 3186 Α
1919 3102 1928 3113 '

177 3199 281 3280 Folio
303 3196 401 3275 relic
427 3196 558 3273 ultimo
579 3196 675 3275 linea
693 3221 751 3286 25·
774 3195 846 3272 iola
866 3201 942 3289 uox
959 3190 1057 3270 tuere
1075 3195 1219 3293 legitur.
1267 3193 1363 3272 Gen.
1389 3219 1424 3295 p.
1444 3215 1524 3283 280.
1547 3196 1673 3276 Brenn
1699 3198 1740 3276 P.
1755 3201 1797 3277 ll.
1860 3250 1886 3267 -

176 3319 214 3396 p
244 3320 300 3399 Π·
339 3380 424 3489 365.
439 3389 577 3492 ‘Incipit
599 3387 730 3470 libellus
752 3387 914 3490 Magistri
941 3385 1062 3469 meme
1082 3387 1124 3464 de
1147 3389 1279 3485 aquino.
1297 3388 1463 3489 (videtur
1480 3388 1653 3492 alterius)
1671 3391 1711 3467 de
1728 3360 1819 3468 mo·-
1881 3490 1884 3495 Α

178 3490 226 3568 δι,
247 3491 402 3590 rdfiteneli
425 3504 455 3564 et
474 3493 514 3564 de
535 3490 683 3590 puritate
707 3488 922 3585 consciencie.
936 3530 973 3546 -
994 3488 1156 3593 expofitio
1169 3486 1304 3583 stentare·
1326 3487 1522 3589 Atiannste‘i
1545 3489 1687 3588 episcopi
1709 3492 1746 3566 in
1760 3505 1798 3576 8.

177 3590 269 3671 min.
319 3589 482 3666 Charait.
503 3613 667 3685 german.
691 3585 814 3675 rudis,
843 3601 886 3662 ut
905 3586 1083 3684 lenimus,
1114 3609 1189 3661 non
1210 3586 1324 3674 sulus,
1352 3589 1541 3674 videatur,
1573 3611 1656 3663 cum
1673 3587 1800 3684 signat.
1914 3605 1920 3615 ’

175 3712 203 3765 a
222 3728 261 3746 ··
281 3687 318 3764 h.
344 3685 417 3764 stne
441 3687 581 3764 custod..
611 3687 650 3765 dc
684 3708 784 3763 num.
819 3683 896 3761 foll.
939 3682 1008 3761 ‘Ad
1041 3684 1179 3759 calcem
1211 3685 1287 3759 folii
1312 3700 1344 3770 8.
1374 3685 1461 3760 reiti
1484 3687 1730 3782 quaternionis
1753 3686 1800 3763 ht

180 3786 341 3887 Explicit
364 3786 525 3885 exposttio
542 3781 676 3884 fimboli
698 3782 879 3869 Athonnfii
902 3783 1051 3880 episcopi.
1096 3781 1219 3857 Editio
1236 3782 1426 3876 incognita
1449 3785 1599 3857 videtur.

261 3963 264 3968 ,
339 3884 422 3981 360.
451 3878 555 3959 Liber
573 3882 797 3982 soliloquium}
828 3877 917 3954 bereti
939 3879 1132 3979 Augustini.
1166 3920 1204 3935 -
1238 3878 1425 3955 Proeeuut‘
1445 3879 1607 3976 Capitale
1638 3876 1721 3955 libri
1750 3916 1799 3939 -·

181 3975 375 4058 Accedunt
400 3979 564 4077 suffragia
586 3983 853 4057 fenerationes
876 3981 921 4055 ab
943 3979 1088 4054 Urbano
1105 3975 1228 4076 (forte
1251 3974 1337 4074 Vl.)
1359 3978 1464 4052 Rom.
1492 3978 1596 4053 Pont.
1620 3981 1743 4058 editae.
1760 3979 1801 4054 in

178 4077 222 4155 io
244 4093 278 4160 n.
298 4081 395 4153 tuin.
443 4080 701 4177 Compatiura.
742 4093 781 4155 et
805 4077 924 4154 forma
946 4076 1104 4151 exterior
1128 4076 1269 4170 prorsus
1293 4075 1423 4150 eadem
1448 4099 1533 4150 cum
1564 4076 1800 4173 praecedenti.
1926 4094 1935 4101 ·

163 4175 283 4289 «polla
299 4171 442 4250 litteris
467 4178 549 4263 93-
575 4175 630 4262 ῦὶ.
656 4175 792 4271 srgnata
824 4173 915 4249 sunt.
996 4171 1101 4248 Foiio
1130 4197 1154 4267 4
1183 4171 1282 4246 verso
1313 4174 1489 4247 ternionis
1512 4172 1638 4272 silk)
1671 4171 1800 4269 Expli·
1915 4232 1925 4243 .-

179 4276 227 4349 cit
253 4267 337 4347 liber
359 4267 603 4366 soliloquiorum
626 4273 728 4348 Bran·
749 4271 940 4369 Augustini.
1016 4269 1081 4345 Ad
1103 4267 1349 4369 prunorunrlnrn
1368 4271 1495 4345 leontini
1511 4269 1559 4343 ud
1573 4294 1717 4343 amorem
1732 4269 1798 4348 del.

182 4370 363 4467 Suffragia
385 4368 471 4443 solio
500 4396 530 4444 1.
555 4374 649 4449 netto
672 4367 975 4469 quateinionis.L
997 4368 1177 4465 incipiunt
1200 4366 1239 4444 de
1263 4368 1504 4446 terminantur
1525 4367 1599 4445 stne
1628 4368 1800 4466 subscrip·

182 4469 281 4548 tione
304 4470 395 4546 l'ol'to
421 4490 452 4556 5.
479 4468 577 4551 vetio
598 4472 776 4551 terrionis
800 4467 856 4557 di.
872 4469 968 4546 linea
994 4491 1052 4557 ις.
1075 4465 1198 4545 Editio
1215 4466 1410 4563 incognita.

768 4650 774 4659 ’
845 4777 848 4784 μ
938 4660 1034 4742 'Ta
1539 4598 1751 4759 aipssom
1827 4739 1872 4770 ‘a'
